1983 3428
109 7 217 172 48

597 51 716 127 De
757 50 1192 132 Animalibus
1236 60 1310 130 in
1342 66 1617 158 genere.²

338 180 591 242 debitam
625 180 1042 260 perfeetionem
1095 186 1352 260 acquirat
1376 232 1397 260 ,
1437 180 1713 259 suumque
1745 177 1868 261 ipst:

341 264 536 323 cibum
564 264 831 341 colligere
859 263 1046 343 poffit,
1085 265 1435 325 membranis
1475 264 1870 324 convenienti·
1906 322 1909 324 a

343 346 443 404 bug
483 340 819 405 reservatum
878 347 1192 405 continent.
1272 346 1345 405 In
1401 347 1608 424 prioris
1649 346 1873 423 generis

343 427 466 483 ovis
490 441 687 488 uterus?
703 425 922 484 aliudve
944 444 1152 505 corpus
1170 441 1470 485 externum
1513 425 1672 485 foetui
1697 426 1873 484 nutri-

348 523 613 565 mentum
642 502 1059 584 subministrat3
1123 505 1448 566 Posteriora
1492 524 1873 585 praeparatum

348 589 411 644 δε
444 582 592 645 intus}
614 586 978 645 reconditum
1009 585 1280 666 pabulum
1300 589 1362 647 in
1388 586 1550 648 foetus
1574 583 1697 646 usus
1721 581 1870 646 suffi-

347 669 501 727 ciens
528 665 810 738 obtinent,
852 667 1004 726 unde
1027 664 1348 744 hujusmodi
1380 687 1490 727 ova
1507 673 1657 728 Uterz'
1677 672 1878 752 expofiti

350 766 472 807 non
488 745 779 805 immerito
809 745 1095 808 dicuntur.

433 825 579 906 Qiae
605 827 781 904 primi
812 830 1032 906 generis
1052 847 1162 889 ova
1182 832 1425 910 gignunt
1451 828 1744 890 Animalia
1766 829 1882 888 vel-

351 908 475 966 lem
497 907 769 984 equidem
811 908 1052 970 libenter
1083 916 1447 992 Vivz'parorum
1483 913 1725 969 nomine
1778 911 1883 970 do-

354 1007 513 1060 nare,
550 1008 672 1064 quae
694 984 1293 1071 secundiOviparorum
1319 1037 1336 1064 ,
1383 994 1420 1052 s1
1477 1011 1690 1051 vocum
1738 992 1884 1073 Ety-

353 1068 613 1148 mologia
642 1071 1015 1148 permitteret,
1053 1072 1270 1132 idoneis
1293 1074 1451 1133 enim
1493 1072 1784 1132 vocabulis
1810 1074 1884 1132 ad

356 1151 474 1210 haec
504 1168 716 1229 genera
742 1153 1105 1232 significanda
1127 1152 1500 1215 destituimur.
1569 1149 1791 1214 Verum
1810 1154 1884 1213 ad

357 1233 806 1312 homonymiam
825 1233 1120 1294 vitandam
1149 1233 1313 1295 satius
1345 1235 1424 1295 est
1448 1232 1603 1295 sensu
1648 1251 1886 1315 recepto

358 1319 615 1396 Vivipara
639 1311 929 1375 Animalia
952 1316 1239 1394 appellare
1258 1336 1380 1393 quae
1408 1319 1565 1377 vivos
1607 1314 1772 1376 foetus
1822 1318 1887 1377 in

358 1395 548 1455 lucem
567 1392 764 1469 edunt,
791 1403 1027 1480 Ovipara
1054 1416 1181 1474 quae
1205 1416 1331 1458 ova.

441 1475 516 1536 In
581 1491 824 1552 utroque
877 1496 1019 1558 ergo
1057 1498 1268 1559 genere
1323 1480 1600 1541 nonnulla
1653 1488 1891 1562 ovipara

359 1553 488 1616 sunt
513 1602 533 1628 ,
581 1555 690 1615 alia
713 1558 1005 1638 Vivipara.

446 1638 516 1697 In
541 1637 733 1715 primo
762 1642 1015 1722 Vivipara
1040 1637 1167 1700 sunt
1197 1640 1491 1702 Animalia
1541 1642 1892 1722 Qadrupe-

365 1718 463 1777 dia
488 1713 686 1797 pilosa,
727 1718 948 1780 duobus
990 1721 1181 1782 cordis
1230 1722 1554 1784 ventriculis
1607 1722 1895 1785 instruota.

366 1801 512 1860 Haec
540 1799 700 1858 enim
719 1799 927 1862 foetum
978 1803 1041 1861 in
1082 1803 1275 1864 Utero
1309 1804 1510 1864 tandiu
1547 1806 1798 1864 retinent
1827 1808 1890 1864 Sc

368 1881 626 1940 nutriunt
655 1881 844 1940 donec
875 1899 1127 1942 maturus
1183 1887 1246 1944 sit
1296 1887 1358 1943 ὃς
1408 1887 1601 1965 partui
1637 1886 1891 1946 idoneus,

372 1969 611 2042 Oviparcz
638 1957 763 2020 sunt
787 1960 987 2038 Pisce5‚
1027 1965 1124 2040 qui
1152 1985 1262 2025 ova
1288 1963 1382 2025 sua
1427 1968 1491 2025 in
1543 1986 1709 2043 aquas
1740 1965 1897 2042 ejici-

370 2057 497 2114 unt,
535 2041 634 2100 ubi
689 2041 943 2104 masculo
983 2040 1260 2124 spermate
1303 2043 1392 2105 seu
1459 2047 1601 2106 laete
1644 2044 1897 2127 inspersae

367 2120 785 2203 foecundantur,
855 2129 919 2184 δε
961 2125 1034 2185 ab
1061 2129 1217 2202 aquis
1261 2127 1593 2187 alimentum
1625 2128 1896 2189 hauriunt

374 2204 568 2264 donec
598 2202 763 2264 foetus
787 2206 986 2269 inclusi
1008 2209 1553 2285 perficianturfluod
1575 2211 1728 2271 brevi
1754 2228 1897 2271 tem·

377 2303 521 2363 pore
546 2286 621 2344 fit.

459 2365 594 2424 Post
640 2362 907 2428 secundas
955 2370 1332 2451 cogitationes
1363 2366 1603 2451 fiispicor
1646 2369 1899 2431 Piscium

376 2463 488 2505 ova
519 2467 654 2505 cum
681 2446 1034 2509 insectorum
1071 2452 1192 2510 ovis
1220 2454 1527 2512 convenire
1547 2498 1564 2525 ,
1606 2470 1714 2514 nec
1742 2455 1904 2528 quic-

376 2545 554 2602 quam
571 2529 830 2588 alimenti
851 2550 924 2591 ex
945 2550 1088 2608 aqua
1116 2532 1376 2608 haurire,
1419 2530 1620 2594 verum
1647 2531 1903 2612 ‘piscicu-

381 2606 501 2666 lum
522 2626 592 2667 ex
618 2611 854 2669 materia
873 2613 1025 2671 intus
1060 2614 1123 2673 in
1155 2612 1294 2685 testa
1319 2631 1593 2675 contenta
1634 2610 1748 2673 sola
1787 2612 1904 2674 for-

382 2689 530 2747 mari
563 2692 625 2746 &
658 2693 880 2768 perfici,
921 2707 986 2751 ut
1042 2693 1107 2754 in
1144 2691 1373 2755 Infestis
1431 2697 1550 2756 fieri
1594 2695 1847 2754 videmus
1883 2717 1906 2773 ς

384 2787 630 2843 quorum
661 2790 768 2829 ova
813 2773 876 2830 in
904 2771 1150 2834 foeminae
1200 2792 1364 2835 utero
1418 2778 1795 2855 perficiuntur
1839 2779 1904 2834 Sc

384 2845 589 2923 justam
635 2853 1101 2931 magnitudinem
1150 2859 1498 2933 acquirunt;
1543 2857 1752 2916 deinde
1787 2877 1905 2915 mas

382 2925 772 3007 superveniens
792 2935 1029 3013 genitali
1050 2937 1271 3014 liquore
1289 2933 1506 3017 asperso
1531 2957 1597 2996 ea
1615 2936 1909 2997 foecundat

386 3011 451 3066 δε
479 3012 738 3073 vivificat.
817 3021 959 3092 Quae
980 3018 1140 3076 enim
1165 3037 1277 3077 ova
1300 3018 1537 3077 foemina
1564 3015 1768 3094 absque
1790 3018 1908 3077 ullo
1955 3094 1959 3098 .

381 3093 549 3151 maris
575 3091 874 3175 congressu
897 3100 1086 3176 ponit,
1130 3102 1386 3178 quamvis
1419 3096 1801 3160 subventanea
1840 3102 1906 3157 δε

1749 3195 1911 3239 irrita
