1968 3428
120 39 434 145 Synopfis
473 36 895 117 Animalium
926 35 1483 142 Qadrupednm.

64 174 239 233 unico
269 187 493 232 tantum
538 171 723 251 figillo
749 171 1175 233 claudebantur.
1254 173 1413 234 Huic
1444 172 1588 234 Ani-

67 254 206 314 mali
235 252 522 334 peculiare
549 254 653 326 est,
694 273 812 331 quo
851 272 987 312 cum
1029 256 1245 333 Hyena
1296 258 1590 329 convenit,

68 351 323 395 meatum
371 332 465 395 seu
511 335 798 396 orificium
842 334 1052 394 habere
1131 334 1351 413 largum
1395 335 1588 396 statim

1652 34 1813 151 187

61 412 162 476 sub
179 417 375 487 cauda,
416 413 582 494 supra
626 432 1126 483 excrementorum
1150 419 1390 490 exitum,
1433 418 1591 492 quod
1660 424 1663 438 ¹

63 498 131 557 in
182 496 503 557 folliculum
544 499 791 576 aperitur
829 516 954 558 non
988 496 1304 556 admodum
1347 497 1589 575 profun-

68 578 234 653 dum,
277 577 449 640 bursae
473 573 565 636 {eu
614 574 824 639 sacculi
877 576 1076 658 figura,
1117 578 1266 637 intus
1310 577 1592 660 pilosum3

61 660 129 719 in
158 679 329 735 quem
349 655 578 719 exsudat
614 655 921 719 substantia
942 659 1203 734 quaedam
1235 657 1381 733 alba,
1430 661 1586 720 colo-

64 758 127 801 re
152 743 218 800 &
250 736 608 802 confistentia
627 737 742 800 fere
757 740 975 801 cerebri
993 741 1227 800 vitulini
1260 741 1588 817 conquassa-

62 823 128 892 ti,
175 841 350 899 parva
376 822 714 897 quantitate,
755 823 815 881 in
859 842 969 899 qua
1027 822 1248 880 nullum
1305 823 1586 902 infignem

62 902 304 962 odorem
334 899 613 962 sensimus,
697 900 911 963 verum
936 905 1181 962 brumali
1206 920 1465 982 tempore
1505 907 1586 965 A-

12 990 13 993 ’
63 984 241 1043 nimal
266 981 646 1044 dissecuimus.
728 985 997 1045 Exterior
1021 981 1182 1061 hujus
1215 981 1482 1065 marsupii
1504 985 1586 1046 su-

65 1066 324 1144 perficies
355 1065 635 1145 glandulis
655 1066 1098 1146 conglomeratis
1120 1066 1373 1142 undique
1400 1068 1591 1148 obdu-

63 1148 229 1206 citur.
313 1147 522 1205 Praeter
549 1147 701 1206 hanc
749 1149 1054 1208 cavitatem
1085 1144 1587 1210 adnaicuntureti-

64 1247 160 1286 am
215 1246 327 1287 ano
368 1227 644 1307 glandula:
680 1226 801 1287 duae
849 1225 1179 1305 majusculas,
1222 1229 1413 1308 ampla
1436 1231 1588 1291 intus

65 1310 329 1381 cavitate,
369 1310 718 1387 graveolenti
756 1309 1009 1387 quodam
1064 1310 1214 1369 velut
1244 1309 1458 1390 butyro
1508 1332 1589 1371 re-

64 1389 258 1469 pletae,
285 1409 408 1467 quae
433 1388 649 1450 duobus
674 1389 984 1451 manifestis
1003 1388 1376 1451 foraminibus
1393 1393 1453 1451 in
1497 1394 1587 1452 in-

65 1472 339 1532 testinum
367 1468 422 1530 se
455 1489 783 1532 exonerant.
870 1474 1066 1550 Hepar
1085 1492 1207 1531 non
1240 1473 1471 1552 simplex
1493 1471 1591 1534 sed

68 1553 132 1612 in
176 1551 336 1612 lobos
363 1548 619 1613 divisum.
700 1551 892 1634 Cystis
922 1554 1082 1614 fellea
1109 1554 1303 1632 longa,
1346 1558 1408 1614 in
1439 1553 1590 1631 cujus

68 1650 326 1693 meatum
384 1635 564 1695 Porus
589 1635 832 1696 'hilarius
879 1656 1003 1695 non
1051 1636 1224 1695 unico
1283 1639 1586 1698 communi

69 1715 268 1786 ductu,
320 1709 416 1774 sed
440 1715 616 1776 tribus
646 1717 856 1777 truncis
872 1716 1146 1777 distinctis
1174 1716 1448 1794 depletur.
1492 1719 1582 1778 he.

10 1864 14 1866 v
68 1811 177 1854 tres
202 1796 412 1856 dantur
440 1799 572 1876 pori
601 1796 785 1858 bilarii
809 1818 942 1858 cum
965 1816 1155 1858 meatu
1191 1798 1408 1879 cystico
1451 1820 1589 1858 con-

68 1894 371 1937 currentes,
453 1876 650 1937 Nervi
671 1882 939 1956 utrinque
979 1879 1306 1959 complures
1331 1880 1363 1939 a
1391 1883 1588 1940 medio

67 1955 235 2018 dorso
277 1956 351 2017 ad
412 1978 694 2021 mammas
743 1961 984 2022 tendunt
1057 1963 1233 2040 inque
1294 1980 1383 2021 eas
1438 1959 1588 2041 spar-

71 2056 296 2120 guntur.
1086 2058 1088 2061 ⁴
1585 2110 1588 2114 ⁴

154 2121 472 2182 Cuniculos
498 2120 597 2182 fibi
617 2125 682 2185 in
699 2141 848 2184 terra
878 2118 1099 2194 effodit,
1121 2141 1243 2182 non
1269 2122 1496 2182 tantum
1515 2123 1588 2183 ad

72 2199 426 2262 securitatem
478 2206 540 2262 &
583 2206 838 2278 tutelam,
893 2202 988 2264 {ed
1034 2204 1215 2264 victfis
1274 2203 1478 2283 causa3
1524 2209 1588 2265 fi-

73 2281 306 2360 quidem
356 2282 574 2345 insectis
601 2283 974 2349 subterraneis
1018 2287 1081 2344 &
1124 2285 1406 2346 radicibus
1427 2288 1590 2366 plan-

77 2379 267 2424 tarum
298 2358 550 2425 vescitur.

156 2445 229 2503 In
275 2443 480 2526 Anglia
533 2447 820 2524 invenitur
857 2467 982 2511 non
1030 2462 1225 2506 tamen
1276 2445 1443 2506 valde
1488 2445 1593 2506 fre-

75 2543 268 2600 quens,
347 2526 608 2589 Vidimus
627 2531 693 2591 in
713 2526 959 2605 Effexia,
990 2525 1239 2591 Suffexia
1261 2531 1322 2589 &
1346 2527 1595 2589 Warvvi-

75 2610 225 2668 censi
241 2608 529 2670 comitatu,
1090 2629 1095 2634 ’

155 2770 494 2844 LUTRA,
546 2771 650 2840 The
680 2780 843 2832 Otter.
897 2773 1140 2846 Ἔνναβρις.
1222 2768 1463 2831 Castore
1486 2773 1595 2832 mi-

75 2866 187 2908 nor
221 2848 319 2922 est,
365 2869 606 2931 corpore
659 2855 834 2912 etiam
874 2852 1180 2933 graciliore
1227 2856 1290 2912 &
1320 2854 1597 2933 longiore.

77 2928 150 2988 In
181 2933 355 2992 Lutra
370 2951 541 3008 quam
599 2936 773 2992 mensi
799 2930 924 2995 sunt
951 2933 1238 3013 Parzjfienfiaes
1261 2935 1599 3014 Longitudo

79 3012 254 3069 totius
308 3015 562 3093 corporis
599 3013 634 3073 a
673 3011 902 3075 summo
944 3015 1128 3075 rostro
1171 3015 1246 3075 ad
1286 3032 1605 3076 extremam

79 3091 318 3155 caudam
355 3115 379 3173 3
434 3109 552 3154 erat
593 3097 806 3175 pedum
860 3100 925 3157 &
973 3120 1008 3159 2
1031 3115 1162 3158 unc.
1216 3097 1393 3158 cauda
1422 3096 1600 3155 multo

562 3196 564 3199 ’
1370 3178 1601 3257 longior
