1968 3428
109 45 305 149 298*
410 47 729 157 Synopfis
769 46 1196 128 Animalimn
1238 49 1808 154 Qggadrupednmss

343 177 726 260 exspiratione
745 180 988 241 viciffim
1041 181 1247 240 crebro
1277 177 1656 241 intumescere
1676 183 1736 240 δε
1768 181 1867 241 de-

342 260 660 325 tumescere
680 261 991 335 observavi,
1017 268 1214 323 verhm
1239 264 1518 342 perpetuo
1541 280 1670 322 aere
1694 281 1864 340 equa÷

345 344 474 403 liter
498 347 731 405 extendi
769 368 784 405 ε
816 341 907 403 sed
939 344 1371 423 quamprimum
1404 344 1641 405 Animal
1686 347 1866 404 mori-

346 425 547 486 ebatur
569 427 698 486 aere
724 424 1008 505 exspirato
1049 425 1437 486 concidebant
1477 430 1539 485 δε
1568 424 1865 486 detumes-

348 509 556 568 cebant
603 511 763 569 illico
792 530 805 566 ε
854 508 1220 567 Ventriculus
1251 524 1446 568 tamen
1475 518 1613 568 tunc
1635 523 1865 586 tem-po-

347 590 423 648 ris
468 593 715 649 omnino
736 610 946 649 Vacuus
983 592 1044 647 &
1078 589 1374 649 exhaustus
1396 608 1535 661 erat,
1575 605 1748 669 prout
1793 592 1856 648 δε

346 672 675 748 aliquandiu
701 689 867 731 antea
896 670 1059 731 fuiffe
1097 671 1341 731 minime
1375 671 1615 750 dubit05
1658 690 1860 748 quem-

343 753 660 813 admodum
689 757 751 811 &
780 754 1005 829 Viperae
1031 772 1143 828 qua
1166 754 1237 811 de
1258 756 1499 833 agimuS,
1539 773 1664 829 qua:
1688 771 1790 831 per
1818 774 1860 832 4

343 837 651 898 minimum
684 834 893 895 menses
917 835 1062 893 nihil
1088 831 1308 911 prorsus
1325 835 1688 895 comederat:
1713 833 1858 892 adeo

337 932 400 974 ut
428 922 688 992 quamvis
724 921 837 977 fine
862 918 996 976 cibo
1025 916 1222 975 tandiu
1252 920 1441 975 vivere
1492 915 1703 995 poffint
1735 916 1855 977 haec

337 998 633 1058 Animalia
657 1023 674 1078 3
718 999 943 1059 Natura
970 1015 1166 1056 tamen
1188 993 1568 1075 summopere
1587 996 1849 1076 provida,

337 1078 412 1138 ne
459 1079 654 1158 pabuli
707 1081 857 1139 aerei
906 1078 1110 1159 jugiter
1143 1077 1443 1138 necessarii
1498 1074 1853 1158 supplemen-

338 1176 461 1220 tum
486 1162 646 1235 desit,
688 1164 737 1222 ei
777 1160 1131 1240 ‘excipiendo
1173 1164 1232 1219 δε
1265 1157 1608 1220 reservando
1632 1179 1854 1238 peram-

339 1243 434 1321 pla
491 1245 826 1322 repositoria
873 1246 1108 1322 paravit.
1192 1243 1284 1303 Sic
1306 1242 1681 1320 Ephemeron
1706 1236 1850 1298 inse-

341 1327 496 1383 &tum
523 1372 539 1397 ,
602 1327 830 1405 Bombyx
881 1325 1112 1402 aliaeque
1171 1324 1458 1385 nonnullae
1511 1324 1854 1402 Papilione3‚

339 1408 600 1482 quamvis
623 1407 873 1483 quandiu
929 1408 987 1465 in
1018 1425 1091 1464 eo
1118 1405 1263 1465 statu
1288 1403 1436 1479 sunt,
1479 1404 1676 1469 cibum
1729 1424 1852 1463 non

339 1490 594 1566 capiunt,
645 1489 944 1547 broncliias
979 1504 1175 1547 tamen
1203 1484 1293 1546 seu
1327 1489 1684 1547 Pulmonum
1714 1489 1852 1545 vefi-

339 1572 488 1628 culas
513 1568 639 1629 saris
669 1572 884 1649 amplas
924 1573 986 1629 &
1018 1566 1344 1629 numerosas
1374 1569 1665 1641 obtinent,
1708 1587 1777 1627 ac
1811 1570 1847 1628 fi

336 1648 465 1710 solae
495 1653 767 1711 advitam
793 1648 1212 1711 sustentandam
1255 1647 1596 1725 sufficerent,
1647 1648 1849 1726 quibus

338 1733 472 1791 oleo
502 1734 681 1792 aliave
705 1734 945 1792 materia
975 1733 1179 1813 pingui
1207 1731 1510 1792 obstructis
1553 1735 1615 1790 &t
1648 1730 1846 1789 occlu-

341 1817 423 1886 fis,
465 1814 621 1874 illico
647 1811 997 1874 suffocantur
1020 1818 1081 1872 Sc
1108 1811 1387 1873 convulsae
1423 1815 1765 1873 moriuntur.

421 1901 608 1976 Pergo
634 1893 750 1971 jam
779 1896 848 1955 ad
873 1912 1057 1975 partes
1081 1895 1216 1955 cibo
1239 1895 1587 1974 excipiendo
1615 1897 1677 1952 &
1707 1911 1845 1951 con-

339 1977 653 2052 coquendo
688 1978 1019 2039 destinatas:
1085 1979 1159 2038 Et
1204 1976 1397 2055 primo
1447 1977 1695 2037 occurrit
1748 1981 1846 2032 Oe-

324 2056 578 2140 sophagm
604 2056 699 2118 seu
728 2061 886 2131 Gula,
927 2061 982 2119 ei
1021 2059 1082 2116 in
1123 2059 1506 2118 ventriculum
1527 2054 1844 2115 derivando

332 2136 672 2199 inserviens:
715 2143 776 2198 &
808 2158 1004 2199 revera
1031 2141 1094 2198 in
1129 2136 1410 2219 plerisque
1433 2140 1530 2197 alis
1554 2136 1842 2197 Animali-

330 2221 435 2279 bus
474 2221 571 2280 hic
596 2217 740 2280 solus
763 2220 924 2299 hujus
941 2222 1117 2300 partis
1135 2218 1258 2280 usus
1282 2218 1394 2280 effe
1419 2221 1646 2278 videtur
1667 2241 1685 2296 3
1745 2236 1844 2276 ve-

328 2300 456 2361 rum
486 2305 549 2361 in
600 2303 715 2362 hoc
741 2323 952 2381 genere
981 2303 1268 2362 Naturam
1313 2303 1389 2361 ad
1427 2301 1581 2361 aliud
1611 2297 1841 2379 insuper

329 2402 464 2442 eum
492 2381 806 2462 designasse
826 2382 1074 2463 suspicor
1095 2407 1112 2461 3
1141 2385 1424 2445 nimirum
1445 2399 1510 2442 ut
1527 2383 1838 2443 Ventricu-

324 2465 365 2522 li
400 2466 491 2523 vel
522 2466 1012 2539 Ventriculorum,
1056 2468 1093 2525 si
1120 2487 1262 2545 opus
1286 2468 1367 2537 fit,
1408 2462 1568 2524 usum
1600 2462 1836 2542 praestet.

324 2545 485 2606 Nam
516 2546 646 2606 cum
678 2565 904 2627 partem
935 2548 1087 2607 hanc
1116 2550 1248 2607 flatu
1273 2546 1662 2617 extenderem,
1693 2544 1834 2603 duos

325 2645 446 2688 tam
475 2628 694 2706 amplos
715 2647 963 2691 tumores
993 2649 1100 2688 ceu
1125 2629 1318 2709 bulgas
1374 2629 1436 2686 in
1465 2646 1536 2686 eo
1575 2623 1833 2685 observa-

325 2711 407 2783 vi,
447 2727 508 2768 ut
551 2712 897 2772 ventriculus
943 2712 1218 2789 genuinus
1257 2709 1596 2769 extenfionis
1660 2725 1831 2767 tantae

324 2811 447 2850 non
481 2788 616 2850 esset
642 2812 838 2870 capax.
920 2795 1080 2852 Tota
1129 2788 1463 2870 Oesophagi
1521 2791 1827 2868 longitudo

326 2874 578 2930 duorum
606 2874 819 2950 pedum
855 2877 918 2932 δε
952 2876 1011 2954 3}
1034 2874 1351 2953 digitorum
1384 2889 1536 2931 erat:
1592 2872 1826 2939 Ventri-

324 2953 436 3011 culi
460 2954 692 3032 proprie
713 2954 852 3013 dicti
882 2978 908 3030 ς
951 2974 1079 3013 unc.
1161 2956 1281 3014 Hic
1326 2955 1388 3012 in
1426 2953 1626 3011 eadem
1672 2953 1825 3010 reeta

323 3055 461 3092 cum
484 3032 835 3115 Oesopbago
868 3038 1014 3107 suus,
1051 3055 1123 3094 eo
1155 3032 1382 3094 craffior
1417 3050 1556 3105 erat,
1598 3036 1823 3091 interna

325 3112 490 3194 parte
551 3118 751 3195 tunica
796 3116 1037 3178 notabili
1066 3118 1322 3196 propria,
1360 3112 1681 3190 substantia,
1713 3132 1827 3251 lco-

1733 3214 1833 3254 ore
