1968 3428
103 59 419 177 Synopfis
464 61 882 143 Animalium
907 58 1472 167 derupedmn.

125 209 355 262 Cricetus
385 194 528 276 Gesn.
568 194 762 274 Major
811 195 984 276 paulo
1027 193 1206 273 quam
1255 193 1575 255 domestica

48 281 287 342 mustela
317 278 516 340 existit.
593 274 808 358 [Ratto
836 272 1009 356 paulo
1047 275 1249 352 major,
1298 277 1587 336 cuniculo.

48 364 273 432 minor]
356 359 538 421 Pedes
566 357 739 421 habet
790 355 1106 418 admodum
1150 357 1360 416 breves.
1441 357 1580 418 Pilis·

47 444 115 503 in
145 437 313 502 dorso
339 440 500 500 color
517 437 598 500 est
622 440 738 500 fere
759 440 1017 519 Leporis,
1055 440 1118 498 in
1155 453 1354 497 ventre
1386 439 1572 516 niger,

48 524 111 584 in
131 523 395 584 lateribus
415 521 624 582 rutilus,
707 520 815 580 Sed
837 537 1145 595 utrumque
1164 520 1309 579 latus
1334 520 1574 578 maculis

51 604 201 665 albis
233 603 410 665 tribus
433 621 677 663 numero
709 600 1086 681 distinguitur.
1173 602 1448 680 Suprema
1477 620 1573 660 ca-

52 686 187 766 pitis
213 705 358 766 pam,
397 701 460 744 ut
497 686 670 745 etiam
698 685 912 755 cervix,
959 681 1206 741 eundem
1239 701 1416 759 quem
1443 681 1575 741 dor-

52 764 178 828 sum
201 766 374 826 habet
413 764 705 825 colorem:
749 779 1014 844 tempora
1058 763 1224 822 rutila
1261 761 1405 838 sunt,
1446 781 1574 843 gut-

54 864 146 907 tur
173 846 254 907 est
277 845 626 907 candidum:
669 846 901 919 Caudae,
942 865 1066 923 quae
1090 844 1351 924 palmum
1400 846 1573 925 longa

53 926 155 1002 est,
198 927 445 988 fimiliter
462 927 669 1008 leporis
707 929 885 987 color.
965 925 1075 986 Pili
1132 943 1324 984 autem
1358 928 1432 985 fic
1487 927 1572 986 in-

54 1009 272 1069 haerent
300 1011 442 1084 cuti,
484 1023 549 1067 ut
590 1007 710 1068 haec
763 1001 979 1068 facilius
1016 1006 1050 1067 a
1087 1026 1263 1068 carne
1285 1007 1573 1080 avellatur,

54 1088 226 1166 quam
247 1089 348 1169 pili
363 1110 435 1151 ex
463 1108 531 1150 ea
550 1089 814 1150 radicitus
831 1088 1209 1152 extrahantur.
1279 1089 1468 1165 Atque
1493 1090 1572 1148 ob

55 1170 209 1231 hanc
232 1166 458 1231 causam
485 1174 549 1230 &
578 1171 912 1232 varietatem
941 1169 1100 1250 pellis
1140 1167 1255 1246 ejus
1280 1166 1407 1230 sunt
1448 1190 1580 1249 pre-

59 1249 224 1312 tiosae.
310 1252 549 1313 Animal
583 1251 666 1313 est
696 1253 1030 1313 iracundum
1077 1253 1140 1308 δε
1197 1251 1479 1322 mordax;
1525 1273 1581 1310 a-

57 1332 168 1392 deo
190 1348 252 1392 ut
297 1335 335 1393 fi
357 1350 681 1410 eumqeques
724 1334 952 1394 incaute
986 1327 1370 1413 persequatur,
1408 1330 1580 1393 soleat

58 1415 312 1493 prosilire
351 1417 413 1473 &
436 1433 498 1473 os
522 1416 672 1492 Equi
693 1432 980 1495 appetere,
1023 1417 1083 1472 δε
1138 1415 1173 1472 s1
1207 1413 1578 1491 prehenderit

61 1494 353 1556 mordicus
377 1512 586 1556 tenere.
657 1495 729 1555 In
750 1498 1004 1558 cavernis
1031 1493 1247 1555 habitat
1275 1514 1397 1557 non
1423 1496 1583 1556 aliter

62 1590 232 1652 atque
282 1577 621 1650 CuniculuS‚
676 1574 774 1636 sed
814 1578 1078 1657 angustiS,
1120 1577 1183 1634 in
1224 1596 1362 1653 quos
1405 1577 1582 1636 multa

63 1654 338 1715 frumenti
360 1677 535 1736 grana
556 1661 832 1739 congerit.
919 1661 1116 1720 Vorax
1131 1655 1208 1715 est
1233 1661 1293 1716 &
1323 1656 1584 1738 pingueil

61 1738 144 1795 cit
174 1738 503 1798 admodum.
586 1740 656 1798 In
710 1740 1044 1820 posteriores
1087 1737 1257 1817 pedes
1310 1758 1444 1798 cum
1476 1743 1582 1798 eri-

18 1858 22 1859 ⁷
63 1819 216 1896 gitur
247 1819 440 1879 colore
472 1823 534 1878 &
579 1820 774 1880 habitu
809 1818 1026 1883 Ursum
1054 1818 1241 1891 refert,
1283 1820 1439 1881 unde
1463 1821 1583 1880 Ge-

63 1899 221 1958 lenio
251 1897 560 1982 Aretomys
586 1902 1016 1964 Palaestinorum
1049 1896 1319 1963 censetur.

145 1979 363 2040 Dentes
391 1982 562 2042 habet
593 1985 655 2043 in
683 1986 980 2044 anterioris
1017 1983 1128 2044 oris
1158 1983 1274 2040 ima
1296 1978 1586 2063 suprema-

64 2077 176 2133 que
205 2078 365 2139 parte
391 2063 575 2136 binos,
618 2065 770 2123 unde
795 2082 952 2144 patet
973 2064 1230 2124 murium
1267 2072 1466 2143 generi
1491 2071 1587 2129 ad-

63 2137 424 2204 scribendum
471 2143 599 2205 effe.
689 2145 874 2206 Malas
912 2148 1061 2205 laxas
1107 2146 1169 2201 &
1231 2148 1447 2225 amplas
1479 2153 1587 2210 im-

66 2223 353 2299 portando
383 2225 853 2306 exportandoque
879 2229 1082 2307 replet,
1118 2224 1392 2287 ambabus
1424 2253 1592 2291 man-

66 2302 167 2361 dit.
246 2305 487 2367 Pedibus
544 2309 916 2369 anterioribus
950 2330 1059 2388 pro
1105 2306 1366 2367 manibus
1411 2315 1590 2371 utitur

68 2398 131 2439 ut
182 2381 415 2446 Sciurus.
493 2386 588 2446 De
619 2389 892 2462 moribus,
933 2391 1189 2471 ingenio,
1243 2384 1357 2450 &a
1413 2393 1589 2454 Geor.

71 2461 353 2525 Fabricius
375 2468 528 2546 apud
550 2466 873 2530 Gesnerum
896 2475 1095 2548 multa,
1141 2486 1262 2546 quae
1296 2472 1441 2533 vide.
1522 2477 1591 2535 In

72 2541 355 2624 Turingia
374 2549 434 2606 δὲ
469 2547 682 2610 Misnia
704 2551 1003 2632 reperitur?

155 2707 283 2795 Mus
356 2708 567 2789 Alpinus
650 2712 779 2771 Plin.
840 2720 1051 2774 MAR
1082 2724 1161 2776 M
1176 2726 1227 2778 Ο
1251 2720 1373 2779 TA
1420 2717 1584 2778 Italis,

73 2782 238 2874 Muri
282 2782 498 2863 Alpino
557 2788 936 2864 (describente
967 2790 1245 2869 Gesnem,
1297 2799 1394 2876 qui
1456 2818 1590 2857 eum

0 2947 1 2951 Ἰ
72 2861 235 2941 domi
258 2864 429 2941 aluit)
474 2872 815 2948 magnitudo
863 2893 956 2933 ere
985 2876 1190 2956 leporis
1216 2876 1318 2950 est,
1376 2897 1471 2938 aut
1497 2898 1593 2938 va-

0 2962 1 2966 *
73 2945 186 3003 rius
214 2945 363 3007 inter
410 2951 858 3012 cuniculumssc
905 2975 1173 3035 eporem:
1217 2957 1348 3017 Fele
1387 2979 1591 3038 corpu-

74 3023 282 3083 lentior
330 3024 434 3121 est’.
493 3026 585 3088 sed
628 3031 851 3094 brevior
906 3037 1170 3099 cruribus.
1250 3040 1469 3118 Species
1524 3060 1592 3100 ac

77 3103 255 3185 figura
290 3125 482 3190 muris3
521 3129 591 3172 ex
613 3132 723 3192 qua
751 3117 885 3182 Mus
908 3117 1146 3185 dicitur:
1198 3120 1327 3198 pilis
1350 3121 1592 3180 duriori-

1488 3199 1592 3263 bus

1638 91 1789 145 221
