1968 3428
140 49 455 162 Synopfis
496 46 918 133 Animalium
954 47 1513 156 Qadrupedmn.

82 185 587 264 proportionatum
613 198 831 263 caput13¹
863 186 925 242 δε
976 203 1039 242 os
1086 180 1480 263 longiffimum
1540 200 1608 242 ac

81 263 345 337 crassum,
390 265 584 325 oculos
629 284 867 343 magnos
903 264 1093 344 nigros
1112 286 1130 343 3
1198 268 1353 323 aures
1395 260 1610 342 ‘parvas

79 341 464 405 subrorundas.
544 344 786 405 Inferior
812 346 1046 421 maxilla
1061 345 1287 404 brevior
1307 342 1609 424 superiore,

79 427 453 502 continetque
482 427 545 485 in
603 442 842 503 utraque
875 425 1017 485 duos
1045 426 1243 485 dentes
1269 429 1613 497 incurvatos,

81 508 180 581 qui
215 509 286 568 ad
321 504 736 586 {esquidigitum
776 508 1112 585 prominent
1160 522 1320 566 extra
1370 504 1612 567 alveolos

81 585 222 660 suos³
263 591 325 646 ὃς
351 588 423 648 ad
437 587 574 647 duos
598 586 716 647 fere
745 587 804 646 di
849 588 955 646 itos
973 587 1100 646 sunt
1128 584 1346 661 inserti,
1376 605 1498 646 non
1522 603 1614 645 ta-

83 688 220 728 men
243 671 496 729 eminent
522 684 680 729 extra
704 684 784 741 05,
830 667 901 726 ed
925 684 990 727 ut
1022 670 1084 727 in
1115 668 1436 747 Leporibus
1462 670 1614 727 intus

83 751 463 811 continentur.
546 752 761 811 Dentes
784 749 982 826 reliqui
1005 750 1254 808 mirandi
1279 745 1420 809 sunt.
1448 751 1610 809 Con-

83 830 187 889 stat
217 846 367 890 totus
393 829 541 890 ordo
559 831 620 889 in
642 828 902 907 qualibet
930 830 1185 889 maxilla‘
1213 836 1247 890 8
1281 828 1505 904 offibus,
1548 831 1614 890 in

82 910 336 988 quolibet
374 912 647 971 nimirum
701 910 878 970 latere
901 927 1140 988 quatuor
1157 931 1179 970 -ε
1222 913 1284 968 δε
1314 910 1610 987 quodlibet

82 1010 143 1059 os
179 1013 204 1072 3
230 988 833 1071 dentes'inieparabiles
855 989 1259 1071 repraeientat²5
1288 991 1369 1057 ita
1397 1007 1460 1050 ut
1506 994 1611 1051 {int

81 1074 143 1132 in
164 1073 415 1151 qualibet
435 1073 664 1133 maxilla
687 1072 883 1133 dentes
907 1096 1006 1153 24,
1046 1077 1110 1132 &
1169 1073 1232 1131 in
1271 1086 1463 1133 totum
1492 1079 1569 1151 48
1590 1117 1611 1145 ‚

76 1151 214 1213 sunt
280 1173 467 1214 autem
547 1172 743 1214 omnes
810 1156 875 1215 in
965 1152 1414 1216 extremitatibus
1485 1154 1604 1232 pla-

83 1254 163 1294 ni.

165 1316 504 1375 Comedunt
531 1334 773 1394 granum
806 1318 866 1374 &
915 1314 1131 1375 frudi-us
1164 1315 1362 1376 varios,
1444 1315 1604 1387 Caro

83 1396 405 1456 comeditur
427 1398 562 1457 licet
592 1417 713 1457 non
743 1397 888 1457 bene
917 1394 1107 1475 sapiat.

161 1477 304 1536 Haec
334 1477 451 1537 duo
477 1476 767 1537 Animalia
791 1479 1056 1558 proxime
1076 1473 1357 1555 descripta
1380 1477 1439 1536 in
1462 1476 1610 1535 mul-

83 1559 153 1615 tis
181 1555 403 1618 interst:
427 1560 800 1632 conveniunt,
842 1576 904 1617 ut
940 1559 1011 1618 ad
1062 1558 1221 1617 idem
1265 1576 1438 1637 genus
1468 1555 1609 1616 refe-

82 1639 263 1697 renda
286 1641 424 1698 fint:
468 1635 742 1700 differunt
773 1655 968 1700 tamen
991 1638 1061 1698 ab
1089 1639 1358 1699 omnibus
1397 1639 1459 1698 in
1503 1659 1611 1697 no-

82 1719 196 1777 stro
226 1720 571 1779 Continenti
596 1721 863 1781 haetenus
893 1717 1191 1780 observatis
1246 1722 1309 1777 δε
1363 1717 1612 1798 descrip-

34 1851 38 1853 t
81 1801 151 1857 tis
193 1799 717 1883 Qadrupedibus;
758 1802 831 1862 ad
871 1803 1378 1882 Hippopotamum
1414 1818 1610 1860 tamen

83 1880 337 1941 maxime
366 1883 662 1943 accedunt.

163 2044 385 2104 Animal
451 2049 668 2105 MOS
699 2047 1096 2103 CHIFER
1127 2045 1282 2102 UM
1341 2057 1525 2116 neque
1559 2039 1595 2100 ὲ

85 2122 367 2201 CaprinO,
411 2143 598 2204 neque
620 2124 654 2185 ὲ
677 2124 933 2182 Cervino
971 2140 1180 2202 genere
1202 2119 1313 2182 effe
1330 2121 1554 2180 videtur
1583 2142 1605 2199 ;

87 2222 300 2264 cornua
321 2206 476 2264 enim
504 2204 826 2266 nonhabet
846 2250 863 2277 ,
897 2205 960 2261 ὅτ.
1012 2222 1086 2262 an
1132 2204 1385 2264 ruminet
1421 2203 1614 2260 incer-

86 2299 254 2361 tum3
310 2286 569 2346 dentibus
607 2302 803 2347 tamen
847 2280 1177 2344 incisoribus
1218 2285 1281 2344 in
1324 2279 1605 2361 superiore

87 2363 417 2425 mandibula
446 2383 600 2426 caret
647 2366 1054 2425 ruminantium
1100 2367 1161 2424 in
1199 2363 1480 2425 modum:
1529 2362 1610 2421 ast

87 2444 280 2503 dentes
308 2446 523 2507 ibidem
546 2444 784 2508 exsertos
811 2445 982 2506 habet
1038 2443 1069 2524 [
1085 2449 1148 2506 T
1138 2448 1255 2506 mles
1305 2442 1550 2522 Angliee
1578 2443 1610 2522 ]

86 2526 239 2584 velut
293 2527 546 2607 Porcu53
617 2546 688 2588 ex
736 2524 1126 2588 observatione
1175 2547 1223 2586 a.
1268 2523 1605 2597 AristoteliS,

69 2610 216 2682 “Aba
241 2613 544 2685 χαυλιὸόὸνΊοι
565 2616 606 2689 >53
630 2614 764 2682 κὲρρες
788 2613 896 2668 ἐᾶΐν
926 2608 1016 2686 ’ἑχᾴ
1041 2610 1172 2683 ζῶον.

165 2685 404 2747 Animal
426 2687 606 2749 isthoc
633 2690 696 2748 in
724 2685 930 2747 Museo
961 2690 1104 2766 Reg.
1126 2687 1415 2746 Societatis
1438 2681 1604 2744 affer-

87 2784 287 2827 vatum
332 2771 404 2828 fic
444 2766 700 2829 describit
750 2768 825 2827 D.
888 2774 1063 2827 Grew.
1144 2767 1200 2827 A
1250 2762 1476 2826 summo
1522 2785 1613 2824 ro-

86 2847 205 2908 stro
235 2849 307 2908 ad
335 2850 576 2909 caudam
609 2872 668 2930 3³
720 2849 886 2927 pedes
920 2849 1161 2926 longum
1203 2864 1337 2907 erat.
1419 2847 1613 2924 Caput
1664 2863 1667 2867 ’

83 2927 434 3010 semipedem
519 2930 879 3009 longitudine
944 2925 1235 3008 superabat
1269 2974 1287 3001 ,
1366 2928 1615 2987 Collum

88 3009 231 3069 ulnae
300 3011 690 3087 quadrantem.
793 3012 971 3071 Frons
1027 3027 1136 3070 tres
1196 3010 1392 3068 uncias
1462 3008 1620 3066 latuS.

87 3090 354 3154 Rostrum
392 3092 554 3155 valde
607 3106 842 3155 acutum
875 3137 892 3167 ,
968 3089 1142 3154 instar
1202 3092 1360 3152 canis
1405 3090 1623 3179 venati-

123 3203 127 3207 .
236 3197 240 3203 ·
1571 3187 1626 3227 er

1670 77 1822 158 127
