1968 3428
90 29 262 132 3353

385 20 701 132 §jenopfis
742 25 1166 105 Animalium
1204 33 1364 129 Qa
1375 29 1778 137 drupednm.

322 164 485 222 muni
496 162 679 225 limite
691 160 923 224 doriiim
937 168 1000 224 ὃς
1012 182 1275 228 ventrem
1289 164 1730 229 disterminante
1741 167 1843 228 ha·

323 245 435 304 beo
465 271 479 302 :
538 248 601 303 &
637 247 701 304 in
721 246 806 305 his
826 244 1046 306 tantum
1069 248 1288 309 colores
1314 268 1454 327 quos
1482 249 1729 311 diximus
1757 251 1842 311 in-

324 325 553 385 haerent.
600 326 790 402 Dorfi,
818 327 932 386 hoc
954 328 1056 402 est,
1083 331 1256 409 partis
1271 327 1504 410 supinae,
1535 327 1845 409 quousque

322 404 759 487 squamaeparvae
773 409 1179 485 extenduntur,
1204 413 1376 472 *color
1388 408 1612 473 sordide
1634 429 1846 474 terreus

326 506 426 550 aut
454 491 755 569 nigrican3‚
780 490 978 552 verum
997 493 1418 575 nigris'lineolis
1437 495 1636 569 varius,
1663 495 1696 555 ὲ
1721 495 1846 572 qui-

325 568 429 629 bus
451 573 784 651 infigniores
804 567 935 634 sunt
961 575 1024 635 in
1053 592 1296 654 utroque
1318 576 1494 636 latere
1528 571 1847 636 transversae

333 649 368 710 a
394 652 762 714 commiffura
782 657 994 716 ventris
1020 658 1083 716 δε
1106 656 1275 730 dorsi,
1294 654 1390 717 seu
1413 655 1448 717 ὲ
1469 656 1713 735 squamis
1739 657 1847 716 illis

329 733 531 811 quibus
554 752 751 796 venter
772 736 1051 815 integitur
1073 740 1340 799 extremis
1352 740 1621 818 utrinque
1640 737 1848 800 incho-

330 830 451 889 atae,
482 819 542 873 &
573 813 758 877 versus
786 819 1043 878 medium
1065 817 1295 880 dorsum
1316 817 1693 894 ascendentes,
1717 819 1848 881 lon-

330 896 593 973 gitudine
610 895 939 960 semunciali
956 916 1054 959 aut
1078 898 1580 978 majore,distantia
1603 902 1846 961 duarum

333 978 576 1038 triumve
620 977 982 1058 squamarum
1035 984 1349 1042 minorum.
1430 982 1723 1042 Numerus
1747 982 1851 1040 ha-

336 1078 464 1116 rum
519 1061 801 1120 linearum
845 1064 909 1122 in
944 1063 1216 1124 utrolibet
1260 1064 1435 1122 latere
1490 1068 1564 1122 80
1594 1064 1837 1122 excedit.

337 1140 550 1199 Praeter
573 1141 670 1201 has
697 1142 876 1202 lineas
891 1141 1134 1220 majores
1189 1147 1253 1203 δε
1296 1140 1683 1222 longiusculaS,
1726 1142 1849 1202 duae

335 1217 562 1299 insuper
577 1224 877 1283 minorum
915 1226 1277 1285 macularum
1307 1225 1851 1304 nigrarumline‘ari-

334 1320 434 1359 um
459 1304 684 1363 ordines
710 1306 775 1363 in
791 1304 1049 1383 quolibet
1070 1307 1245 1365 latere
1265 1302 1512 1385 superius
1531 1325 1715 1386 prope
1737 1325 1851 1366 rne-

333 1383 496 1441 dium
524 1382 754 1444 dorsum
784 1386 819 1445 a
842 1388 1036 1465 capite
1061 1386 1134 1446 ad
1179 1387 1424 1448 caudam
1450 1386 1854 1463 decurrebant,

333 1484 459 1523 non
487 1482 686 1527 tamen
733 1466 900 1528 valde
942 1465 1254 1548 conspicui.
1339 1467 1538 1546 Caput
1560 1465 1850 1530 summum

331 1542 569 1623 squamis
589 1549 789 1626 amplis
818 1549 1043 1629 reliquo
1065 1566 1313 1629 corpore
1336 1548 1756 1611 obscurioribus
1774 1567 1856 1611 te&

334 1627 587 1705 gebatur.
673 1630 918 1692 Maxilla
959 1626 1212 1711 superior
1266 1632 1338 1691 ad
1388 1632 1562 1691 latera
1591 1634 1858 1711 utrinque

336 1708 638 1786 albicabat,
670 1713 875 1790 quinq3
926 1729 1020 1772 aut
1057 1710 1149 1774 sex
1176 1714 1336 1773 lineis
1358 1714 1530 1793 nigris
1550 1714 1855 1792 perpendi-

332 1789 615 1852 cularibus
637 1791 916 1853 distincta.
960 1794 1265 1855 Maculam
1280 1796 1495 1872 utrinq3
1523 1795 1606 1856 ad,
1622 1794 1854 1854 cervicis

334 1871 510 1930 latera
556 1871 646 1933 seu
682 1874 1052 1935 maxillarum
1094 1874 1331 1955 angulos
1377 1876 1580 1935 habuit
1612 1896 1718 1954 pro
1747 1892 1858 1932 tor-

331 1971 446 2029 que
467 1954 845 2015 albo-luteam
874 1977 890 2016 ε
920 1957 1018 2015 cui
1047 1954 1163 2016 bafi
1188 1954 1283 2016 sua
1323 1955 1598 2016 insidebat
1627 1955 1854 2016 macula

330 2035 628 2108 hincinde
649 2037 1012 2115 triangularis
1040 2039 1208 2116 nigra
1229 2037 1442 2116 ampla,
1472 2036 1688 2096 vertice
1715 2056 1853 2096 cau-

331 2116 468 2175 dam
490 2113 839 2197 respiciente.

413 2198 485 2256 In
516 2198 759 2258 maxillis
797 2198 995 2259 dentes
1023 2198 1263 2257 caninos
1307 2193 1402 2256 seu
1433 2197 1638 2277 longos
1665 2199 1857 2257 incur-

332 2295 433 2338 vos
459 2297 654 2339 acutos
704 2281 807 2357 qui
836 2290 1125 2339 venenum
1153 2276 1343 2338 morfii
1369 2277 1592 2340 vulneri
1631 2279 1856 2344 inflicsto

330 2359 625 2437 instillent,
638 2362 822 2423 nullos
849 2360 1069 2433 habuit,
1098 2354 1214 2434 sed,
1242 2359 1524 2420 duntaxat
1550 2360 1692 2420 duos
1717 2360 1862 2422 den-

330 2443 480 2501 tium
526 2446 822 2504 minorum
866 2440 1209 2504 serratorum
1253 2441 1482 2501 ordines
1499 2442 1564 2501 in
1579 2458 1861 2522 utraque3

331 2524 484 2582 unde
515 2523 849 2602 Serpentem
866 2525 1025 2584 hunc
1038 2526 1360 2584 innocuum
1378 2518 1509 2598 effe,
1522 2526 1585 2583 δε
1613 2526 1859 2603 impune

331 2607 559 2664 tractari
587 2604 745 2684 poffe
768 2606 1011 2667 minime
1043 2605 1264 2665 dubim.

344 2744 349 2747 ,
411 2686 611 2748 Κίέὶιιε
636 2689 744 2746 oris
769 2707 830 2748 ut
861 2693 923 2748 δε
951 2683 1328 2766 Oesophagus
1351 2679 1718 2765 ampliffimus
1748 2683 1855 2759 est,

330 2782 395 2823 ut
417 2786 607 2826 mures
629 2769 883 2849 integros
913 2773 976 2828 δε
1005 2768 1153 2829 forte
1180 2769 1359 2828 etiam
1383 2763 1603 2845 majora
1638 2766 1858 2827 anima-

331 2847 405 2907 lia
429 2847 499 2906 ab
527 2867 599 2909 eo
622 2849 894 2930 deglutiri
917 2848 1079 2931 poss'e
1104 2851 1319 2909 mirum
1349 2867 1471 2907 non
1503 2851 1581 2907 fit.
1658 2890 1664 2894 ·

414 2927 649 2990 Viscera
673 2934 873 2991 omnia
910 2936 975 2991 δε
1006 2930 1276 2990 intestina
1298 2930 1502 2988 eodem
1533 2927 1652 2986 fere
1673 2919 1854 2983 modo

333 3010 385 3066 se
406 3010 620 3069 habent
658 3032 777 3092 quo
802 3015 864 3076 in
890 3012 1099 3093 Angue
1135 3009 1574 3091 Crotalophoro
1610 3002 1858 3083 superifls

341 3089 640 3171 descripto,
1505 3166 1537 3227 Ι
1562 3165 1622 3228 N
1642 3162 1701 3225 D
1719 3162 1769 3224 E
1794 3159 1856 3222 X
