1968 3428
133 89 174 144 2
199 87 225 137 1
246 61 294 142 8
430 68 488 140 S
473 38 749 176 ynopfis
787 66 1214 149 Anima'linm
1256 69 1824 179 Qadrupednm.

440 203 533 263 Ex
556 201 746 266 Ruffia
768 203 1116 276 adferuntur,
1158 207 1220 264 &
1265 204 1505 264 odorem
1562 201 1737 264 musci
1767 207 1883 268 red-

357 280 520 359 dunt,
540 287 795 363 quamvis
821 301 989 363 neget
1019 284 1069 346 se
1096 283 1154 343 id
1176 280 1472 345 observaiffe
1491 283 1722 345 Clusius.
1741 290 1886 349 For-

359 381 414 422 te
445 365 503 423 in
530 365 681 445 pelle
710 367 976 428 Cluliana
1001 364 1237 430 folliculi
1281 364 1557 426 odoriferi
1606 371 1884 446 amputati

361 463 539 505 erant.

443 534 574 586 Μαι
603 527 888 606 domesticus
915 527 1152 608 vulgaris
1203 526 1295 589 seu
1313 528 1520 602 minor,
1551 525 1657 586 The
1692 529 1885 608 Moufi.

361 606 546 668 Color
562 610 621 668 in
649 607 814 670 dorio
845 630 917 671 ex
940 610 1095 671 fusco
1111 605 1451 671 cinerascens
1497 626 1672 687 quem
1711 614 1885 673 muri-

360 707 502 749 num
555 707 797 766 vocant3
867 708 1062 753 venter
1115 691 1383 753 nonnihil
1439 690 1603 752 albet.
1705 694 1883 755 Oculi

354 773 557 909 {inagni
606 788 869 832 extantes,
977 773 1217 835 Caecum
1268 774 1478 851 ingens.
1578 769 1885 838 Claviculis

400 870 613 913 onatur.

437 1018 513 1071 M
530 1018 654 1076 US
709 1012 998 1095 domesticus
1064 1016 1275 1078 medius.
1371 1015 1491 1076 Hic
1537 1014 1883 1096 praecedente

354 1092 537 1172 major
566 1095 667 1170 est,
722 1096 910 1158 colore
954 1099 1125 1159 etiam
1180 1093 1389 1172 differt,
1430 1116 1568 1158 nam
1630 1098 1691 1157 in
1715 1097 1883 1160 dorio

356 1177 662 1237 tincturam
688 1179 978 1255 quandam
1015 1181 1136 1240 ruffi
1175 1179 1480 1239 flavicantis
1504 1177 1710 1238 babet:
1749 1199 1884 1241 ven·

356 1262 518 1319 ter&
553 1278 670 1333 pars
695 1278 871 1335 prona
903 1275 1021 1320 tota
1045 1261 1287 1321 albicat:
1327 1257 1498 1320 acrius
1526 1259 1701 1320 etiam
1734 1279 1883 1322 mor·

353 1339 452 1398 det
482 1336 770 1419 quamille
803 1360 816 1398 :
854 1360 992 1401 nam
1044 1344 1209 1402 unius
1256 1339 1372 1401 diei
1416 1337 1592 1418 spatio
1643 1336 1880 1406 afferem

352 1439 634 1498 quernum
665 1421 905 1496 digitum
948 1422 1362 1501 propemodum
1405 1419 1642 1482 craffum
1675 1422 1881 1483 roden-

353 1502 431 1562 do
461 1501 779 1580 perforavit.
861 1503 1082 1563 Thomas
1106 1500 1382 1579 Willifhllus
1415 1500 1576 1580 hujus
1603 1504 1694 1576 (ut
1711 1505 1879 1582 puto)

353 1584 570 1657 generis
613 1583 671 1643 in
699 1586 842 1662 agris
870 1587 1093 1662 reperit.
1187 1585 1369 1644 Color
1408 1586 1471 1644 in
1514 1581 1684 1644 dorso
1719 1586 1880 1663 niger

355 1664 511 1723 fulvo
562 1665 787 1742 mixtus,
831 1670 889 1727 in
943 1682 1139 1726 ventre
1169 1665 1372 1743 albus;
1436 1665 1677 1726 Colores
1729 1666 1876 1727 linea

355 1765 456 1822 per
488 1760 788 1825 utrumque
816 1748 951 1808 latus
979 1747 1147 1806 dueta
1176 1749 1453 1806 terminat.
1532 1746 1723 1824 Caput
1752 1748 1877 1808 lom⁵

354 1827 481 1902 gius
507 1825 684 1905 quam
717 1831 778 1888 in
829 1842 989 1889 mure
1027 1826 1335 1888 domestico
1368 1829 1590 1888 minore
1639 1828 1877 1906 vulgari,

352 1906 646 1967 oculorum
669 1911 863 1969 orbitae
914 1926 976 1967 ut
1006 1913 1068 1971 &
1095 1911 1242 1968 oculi
1297 1906 1532 1985 majores
1567 1911 1630 1968 &
1660 1910 1876 1986 promi-

352 1992 632 2047 nentiores
653 2011 672 2066 3
743 1990 1026 2052 Auriculae
1068 1991 1292 2050 latiores
1362 1993 1426 2049 δε
1500 1989 1868 2054 rotundiores.

352 2070 553 2128 Cauda
579 2069 748 2148 longa
777 2072 898 2150 pilis
920 2071 1234 2139 rarioribus,
1277 2067 1508 2148 superni:
1531 2071 1722 2147 nigris,
1750 2064 1872 2129 sub-

354 2165 440 2207 tus
475 2150 1111 2212 albicantibus'vestita:
1177 2152 1355 2212 Pedes
1405 2151 1726 2226 longiores,
1782 2148 1873 2219 stex

353 2231 642 2291 tubercula
692 2235 749 2291 in
791 2233 999 2313 planta.
1119 2229 1319 2308 Qem
1360 2229 1615 2291 describo
1647 2232 1678 2284 ὲ
1732 2233 1870 2294 nido

349 2306 704 2371 subterraneo
726 2315 1015 2391 exemptus
1029 2329 1161 2372 erat.

431 2399 561 2450 stim
611 2399 814 2473 agrestis
859 2401 1015 2474 capite
1036 2393 1255 2473 grandi,
1298 2391 1610 2472 brachyuros.
1691 2392 1870 2455 Mure

346 2471 659 2533 domestico
690 2472 910 2549 minore
946 2475 1127 2553 major
1157 2473 1257 2547 est,
1300 2475 1557 2551 Corpore
1588 2475 1868 2553 longiore,

345 2555 528 2631 capite
565 2557 807 2633 grandi3
854 2554 1034 2615 rostro
1066 2556 1221 2615 brevi
1257 2555 1486 2633 obtuio3
1527 2555 1701 2614 oculis
1739 2576 1863 2633 par·
1935 2555 1939 2558 ”

345 2636 554 2693 visnec
598 2636 1081 2712 prominentibu53
1125 2636 1378 2696 auriculis
1401 2634 1676 2709 brevibus,
1722 2637 1866 2711 latiS,

344 2709 707 2789 iubrotundis‚
748 2719 808 2777 in
859 2719 1070 2778 Furura
1104 2713 1137 2775 ¹?
1179 2717 1319 2793 pilis,
1373 2718 1523 2793 (qui
1584 2716 1862 2793 longiores

346 2793 470 2853 lunt
505 2797 674 2872 quam
708 2800 764 2856 in
812 2798 1121 2858 domestico
1153 2798 1397 2872 minore)
1436 2797 1575 2874 peni:
1616 2798 1859 2859 occulta-

344 2878 427 2933 ris-⁴.
509 2878 710 2935 Cauda
736 2872 794 2937 ut
818 2881 875 2938 in
892 2879 1003 2938 hoc
1035 2897 1237 2955 genere
1257 2876 1593 2950 breviffima,
1644 2892 1706 2936 ut
1733 2897 1857 2955 quae

349 2957 666 3030 pollicarem
723 2959 1140 3036 longitudinem
1186 2978 1304 3018 non
1348 2957 1584 3018 multum
1618 2957 1855 3034 superet,

346 3039 466 3113 plis
487 3057 653 3114 quam
687 3040 743 3097 in
771 3041 943 3099 Ratto
967 3039 1332 3099 crebrioribus
1355 3060 1470 3098 non
1502 3057 1693 3098 tamen
1719 3038 1856 3097 den-

347 3121 403 3175 3:15
427 3119 633 3181 vsstira.
723 3120 909 3182 Crura
940 3120 1240 3198 perbrevia.
1321 3120 1504 3179 Color
1533 3118 1856 3258 pssmgnif

1736 3217 1797 3258 or
1822 3219 1859 3260 o
