1983 3428
93 92 207 173 44

586 65 704 140 De
749 59 1188 143 Animalibus
1219 68 1294 138 in
1316 90 1574 168 genere.

318 198 439 257 mili
469 195 651 255 modo
683 194 853 254 tertio
895 197 1072 254 etiam
1093 194 1273 255 dubio
1295 190 1620 273 responderi
1648 189 1829 273 poffit.

313 279 537 340 Verum
570 278 644 335 de
683 276 887 335 Dubiis
913 272 1064 336 hisce
1092 270 1372 336 solvendis
1422 293 1545 335 non
1598 273 1680 336 est
1731 293 1834 334 cur

314 357 481 417 valde
496 355 699 418 soliciti
731 360 920 428 fimus,
956 376 1093 414 cum
1121 358 1287 436 ipfius
1309 360 1667 416 Hannemanni
1709 372 1834 414 non
1869 351 1871 355 ’

316 434 506 499 minus
524 438 697 516 quam
728 437 984 497 nostram
1006 433 1342 497 sementiam
1366 453 1618 517 urgeant.
1673 437 1833 497 Nam

314 537 659 598 quaecunque
705 514 1063 597 indispofitiQ
1089 520 1196 578 five
1244 518 1437 578 mariti
1488 519 1598 576 five
1645 518 1837 577 uxoris

317 600 673 679 generationi
717 602 781 658 &
813 598 1122 679 conceptui
1145 600 1327 660 officit
1358 600 1420 658 in
1458 598 1602 657 illius
1626 598 1836 677 Hypo-

315 681 476 754 thefi‚
496 681 715 754 'eadem
768 681 832 739 &
900 681 963 740 in
1024 679 1219 741 nostra
1272 679 1518 740 eundem
1565 675 1835 739 effectum

305 754 528 823 'habere
559 760 760 841 potest.

397 864 453 920 7.
493 841 870 923 Opiniohaec
889 841 1204 922 prudentiae
1231 839 1313 900 illi
1341 860 1461 918 quae
1481 842 1541 900 in
1567 838 1835 900 omnibus

316 940 530 986 naturae
591 924 856 1004 operibus
922 925 1111 983 elucet
1179 940 1498 1001 repugnare
1559 920 1826 1000 videtur3

317 1005 590 1082 siquidem
642 1024 715 1066 ex
752 1023 819 1066 ea
859 1001 1164 1064 necessario
1213 999 1498 1090 sequatpr,
1537 1003 1840 1062 innumera

319 1086 662 1146 animalcula
730 1087 1114 1163 nequicquam
1183 1101 1372 1144 creata
1419 1082 1593 1144 fuiffe.
1675 1084 1835 1144 Nam

317 1162 456 1228 cum
483 1168 657 1227 unico
688 1170 869 1240 coitU,
913 1167 1016 1243 (de
1042 1165 1299 1225 humano
1340 1165 1576 1241 loquor)
1623 1163 1838 1241 aliquot

319 1248 499 1308 millia
540 1248 601 1308 in
636 1264 862 1307 uterum
931 1243 1297 1322 injiciantur3
1342 1246 1580 1307 horum
1644 1264 1869 1306 autem,

316 1331 557 1404 unicum
586 1328 864 1389 duntaxat
891 1329 1206 1406 plerunque
1244 1322 1384 1386 solet
1408 1328 1526 1386 duo
1549 1327 1730 1385 triave
1755 1348 1843 1386 ra-

316 1404 455 1483 riuS,
499 1410 680 1470 multa
707 1429 830 1469 non
880 1405 1111 1487 poffunt
1143 1409 1205 1466 in
1234 1405 1433 1482 justam
1489 1409 1839 1487 magnitudi-

315 1509 456 1550 nem
500 1493 798 1569 proficere,
839 1490 1054 1567 reliqua
1101 1490 1299 1548 omnia
1336 1490 1571 1549 interire
1617 1487 1840 1550 neceffe

313 1570 399 1631 est
430 1592 445 1631 :
486 1571 736 1650 proinde
766 1570 969 1630 frustra
991 1571 1159 1629 initio
1183 1585 1372 1629 creata
1396 1570 1684 1630 videntur.
1764 1570 1837 1631 In

317 1650 512 1712 nostra
544 1673 590 1711 a.
616 1651 939 1733 Hypothefi
980 1651 1129 1710 nihil
1151 1651 1263 1710 tale
1284 1651 1518 1726 accidit,
1538 1669 1660 1710 non
1675 1652 1834 1712 enim

315 1732 711 1793 reconduntur
733 1735 794 1793 in
821 1749 983 1792 utero
1006 1751 1114 1791 ova
1132 1733 1299 1811 plura
1325 1731 1499 1808 quam
1529 1732 1598 1792 ad
1644 1749 1839 1810 partus

319 1815 384 1874 in
423 1831 547 1873 tota
577 1816 694 1873 vita
727 1813 941 1874 futuros
964 1811 1249 1872 sufficiunt
1278 1834 1293 1873 :
1338 1812 1510 1893 Qun
1539 1815 1737 1873 omnia
1763 1813 1835 1873 ad

318 1893 726 1974 perfediionem
754 1895 987 1976 perduci
1007 1892 1257 1974 possunt,
1278 1892 1400 1956 imo
1424 1914 1545 1955 non
1565 1893 1692 1954 raro
1711 1914 1839 1974 per-

268 1999 273 2005 *
316 1977 619 2036 ducuntur.

399 2064 450 2116 8.
509 2057 780 2117 Tandem
838 2056 911 2116 D.
967 2056 1307 2117 Lewenhoeck
1365 2055 1402 2116 ὲ,
1440 2053 1836 2136 ΓΟΟΡΟΊΟΠὲὲ

315 2136 535 2197 aberrat
569 2134 705 2199 cum
729 2140 1012 2197 rationem
1043 2135 1299 2215 affignat‚
1348 2159 1451 2196 cur
1487 2157 1672 2196 unum
1692 2138 1837 2198 dun-

316 2234 472 2277 taxat
497 2220 906 2280 animalculum
961 2234 1058 2277 aut
1108 2219 1225 2277 duo
1264 2219 1446 2278 triave
1492 2213 1718 2278 tantum
1772 2222 1834 2279 in

313 2316 475 2359 utero
504 2325 561 2359 v.
589 2324 647 2382 g.
686 2299 962 2373 humano,
1001 2299 1334 2378 proficiunt,
1376 2297 1533 2375 quod
1573 2294 1667 2360 sci.
1711 2320 1835 2361 non

311 2380 478 2457 plura
506 2383 569 2441 in
617 2384 860 2440 matrice
903 2379 1238 2458 particulam
1291 2380 1585 2440 inveniant
1637 2376 1835 2440 iisdem

316 2458 572 2521 fovendis
615 2481 682 2520 ac
710 2462 782 2521 ad
815 2460 1030 2521 tantam
1084 2477 1398 2521 creaturam
1464 2460 1837 2540 perducendis

317 2558 509 2619 aptam
542 2564 556 2601 :
601 2545 751 2618 quasi
801 2561 926 2602 non
956 2543 1142 2622 plures
1199 2540 1376 2602 effent
1440 2542 1728 2620 particulae
1760 2541 1834 2602 ad

309 2620 468 2680 hunc
506 2618 666 2681 usum
711 2624 954 2699 idoneae,
995 2623 1150 2700 quod
1189 2624 1397 2703 grati5‚
1436 2626 1499 2681 ὅτ,
1563 2627 1678 2684 fine
1719 2623 1834 2683 ulla

315 2703 564 2762 omnino
608 2704 831 2763 ratione
894 2700 1149 2763 asseritur
1181 2726 1200 2782 3
1241 2703 1374 2762 cum
1423 2705 1570 2763 uteri
1611 2720 1835 2764 textura

319 2783 417 2840 fibi
439 2783 652 2859 ubique
674 2786 863 2843 similis
885 2787 949 2843 fit
975 2807 995 2863 3
1036 2787 1098 2844 &
1126 2779 1264 2844 cum
1293 2784 1579 2844 nonnullae
1622 2785 1833 2864 plures,

315 2861 389 2920 ad
408 2860 622 2942 septem
650 2862 841 2941 ulque,
879 2862 1043 2923 foetus
1074 2867 1420 2943 pepererint,
1447 2885 1546 2924 cur
1590 2883 1712 2924 non
1764 2869 1829 2934 δε

314 2963 517 3003 ornnes
536 2945 689 3003 idem
713 2945 942 3017 faciant,
959 2945 1092 3004 curn
1110 2944 1479 3006 Animalcula
1491 2965 1613 3006 non
1631 2945 1832 3019 defint,

315 3043 422 3092 nec
445 3026 731 3105 particulae
762 3028 827 3087 iis
844 3024 1102 3086 fovendis
1130 3026 1348 3089 idoneae
1374 3027 1399 3090 ἓ

1591 3182 1831 3256 Deinde
1874 3272 1877 3276 r
