1968 3428
108 37 433 149 *Synopfis
470 33 909 115 Animalimn'
927 34 1483 149 dernpedmn.

62 192 192 231 rum
222 172 254 231 ὲ
280 187 624 247 quocunque
659 167 890 227 tandem
933 186 1137 248 genere
1167 213 1185 242 ,
1230 170 1338 227 five
1372 168 1580 246 Capri--

64 271 165 324 n0,
213 255 322 311 five
348 252 610 311 Cervino
642 252 724 321 fit,
763 246 1082 308 folliculum
1115 245 1362 308 Moscho
1403 268 1581 328 praeg-

65 349 302 392 nantem
327 334 392 390 in
429 346 627 390 ventre
675 348 857 408 prope
901 330 1240 389 umbilicum
1274 330 1440 407 gerit,
1481 332 1583 400 situ

65 415 235 492 plane
260 416 521 492 opposito
542 408 632 469 feu
653 412 955 470 contrario,

120 496 423 573 ‘Expediet
446 489 672 562 fortasse
703 494 912 551 Lector
931 505 993 549 ut
1022 489 1150 550 alias
1183 487 1369 558 adhuc·
1402 490 1589 562 ²ratio-

66 593 166 634 nes
211 573 492 654 proferam
542 592 644 631 cur
691 570 823 629 huic
865 589 1065 630 omnes
1089 570 1189 646 qui
1223 568 1296 628 de
1333 588 1404 636 eo
1428 589 1590 630 com.-

68 658 301 715 mentati
326 653 708 727 fi111r‚odore1n
731 670 902 727 quem
926 650 1111 711 reddit
1129 669 1253 712 non
1274 646 1499 709 suavem
1525 653 1591 711 &-

67 734 379 812 jucundum
414 734 524 794 effe
553 732 943 813 prodiderunt,
984 731 1076 790 led
1118 732 1149 792 ἐ
1194 746 1394 790 contra
1439 729 1590 791 foeti-

66 815 350 876 diffimum
383 819 444 874 &
484 817 869 875 teterrimum.
951 813 1040 873 Ut
1083 812 1175 872 vel
1215 811 1352 870 inde
1382 828 1539 890 patet
1569 811 1590 886 '‚

66 898 222 971 quod
261 900 296 957 fi
350 897 505 973 quod
548 895 783 956 Animal
826 891 1103 971 ejusmodi
1137 895 1416 958 macietur
1468 903 1588 960 tam

62 975 277 1038 solicite
297 978 613 1037 cavendum
637 993 898 1051 monent,
937 994 1011 1034 ne
1041 994 1166 1053 pars
1205 973 1323 1032 hae'c
1353 975 1415 1033 in
1462 994 1588 1032 cor-

66 1079 208 1139 pore
237 1059 585 1136 relinquatur
613 1108 631 1133 ,
673 1059 812 1135 quin
866 1058 1125 1135 protinus
1167 1074 1294 1114 eam
1352 1054 1587 1114 excindi

70 1141 422 1220 praecipiunt,
464 1141 540 1200 ne
568 1140 841 1215 reliquam
899 1156 1136 1197 omnem
1180 1154 1410 1204 carnem
1456 1155 1581 1207 cor-

69 1241 312 1300 rumpat.
395 1221 489 1299 J0.
530 1221 685 1280 Faber
732 1217 786 1279 se
815 1213 1060 1279 multum
1102 1216 1333 1296 fatigat,
1378 1217 1440 1275 in
1479 1217 1590 1284 ori-

71 1304 205 1381 gine
235 1305 297 1360 &
335 1304 503 1361 causis
550 1300 761 1360 foetoris
811 1297 969 1375 hujus
1019 1296 1456 1376 investigandi53
1501 1300 1588 1371 δε,

71 1399 136 1441 ut
161 1381 240 1442 est
293 1381 470 1442 facilis
521 1382 591 1440 ab
636 1401 751 1440 uno
795 1398 985 1440 errore
1020 1383 1081 1438 in
1134 1379 1326 1437 alium
1363 1378 1588 1455 lapsus,

75 1463 421 1522 Glandulam
451 1462 600 1521 hanc
632 1483 740 1540 pro
780 1461 1084 1521 Umbilico
1128 1458 1366 1532 habenS,
1421 1477 1585 1532 nunc

74 1563 208 1603 eum
226 1545 298 1604 ab
327 1546 492 1603 urina
512 1542 840 1622 procedere,
886 1539 1038 1617 cujus
1061 1541 1336 1615 virulenta
1357 1539 1585 1614 effluvia

76 1645 179 1704 per
210 1625 483 1684 urachum
513 1625 762 1692 derivata
787 1622 881 1681 hic
911 1623 1131 1682 exitum
1158 1623 1471 1695 inveniant,
1520 1623 1585 1680 fi-

75 1707 132 1764 bi
161 1708 536 1783 imaginatur:
576 1702 706 1763 alias
729 1701 782 1763 se
808 1700 1020 1763 nescire
1045 1704 1123 1760 ait
1152 1723 1224 1766 an
1254 1702 1583 1771 intestinum

75 1788 305 1862 aliquod
333 1787 427 1845 hic
454 1787 566 1845 loci
591 1786 823 1845 affixum
864 1784 1100 1846 odorem
1131 1784 1371 1851 emittat.
1470 1782 1584 1853 Ve-

76 1867 208 1927 rum
240 1867 304 1925 eo
330 1866 611 1947 praecipue
627 1863 866 1926 inclinat
889 1882 953 1924 ut
977 1863 1188 1937 eredat,
1229 1883 1363 1923 eum
1391 1861 1462 1923 ab
1502 1869 1584 1934 U-

76 1950 315 2021 rinaculo,
357 1966 417 2007 ut
444 1963 633 2020 vocat,
674 1948 989 2025 provenire.
1072 1947 1163 2006 Sic
1191 1950 1414 2014 urinam
1446 1945 1584 2017 Feli-

77 2049 178 2088 um
201 2029 524 2106 ubicunque
543 2025 817 2107 spargitur
840 2029 1193 2089 teterrimum
1230 2027 1468 2086 odorem
1506 2024 1583 2084 ef-

78 2113 211 2169 flare
255 2111 669 2169 animadvertet
699 2155 716 2181 ,
774 2107 1075 2169 diutiffirne
1120 2109 1293 2166 etiam
1338 2104 1585 2185 perseve-

82 2207 315 2249 rantem.
396 2192 610 2252 Verum
638 2190 732 2248 hic
778 2190 1076 2269 diligenter
1136 2186 1582 2259 advertendum,

34 2276 39 2283 '
83 2271 202 2329 fieri
230 2269 385 2348 poffe
405 2289 466 2330 ut
496 2266 630 2330 cum
672 2272 895 2330 urinam
941 2270 1184 2332 reddunt
1225 2270 1396 2342 Feles,
1435 2267 1586 2331 foll-‚i-

83 2351 240 2408 culos
295 2352 364 2411 ad
416 2355 628 2412 Refz‘um
669 2354 793 2411 litos
834 2348 947 2411 una
1003 2364 1296 2422 evacuent,
1336 2368 1584 2424 quorum

6 2477 9 2479 .
63 2430 292 2504 ¹humor
311 2433 484 2490 urinae
510 2431 785 2491 admixtus
813 2429 1074 2492 foetorem
1117 2431 1277 2490 illum
1331 2432 1586 2497 maxima

83 2529 154 2568 ex
177 2529 336 2590 parte
362 2514 415 2570 ei
436 2513 834 2571 communicet.
915 2513 1074 2573 Idem
1105 2511 1175 2570 de
1197 2511 1446 2569 muribus
1487 2511 1582 2575 dd-

83 2610 193 2666 que
218 2593 267 2651 V
272 2593 418 2670 ulpe,
441 2589 552 2655 &a
591 2591 804 2651 dietum
836 2592 969 2652 esto,
1036 2593 1373 2668 Quinetiam
1418 2590 1584 2657 facile

85 2672 325 2731 inducor
368 2689 429 2731 ut
472 2671 718 2744 credam,
758 2672 910 2750 quod
948 2671 1328 2733 folliculorum
1374 2671 1584 2736 horum

68 2755 375 2812 ⁴amotione
402 2755 583 2831 potius
603 2752 768 2827 quam
810 2755 1089 2813 excisione
1131 2772 1339 2816 renum¹
1372 2760 1586 2834 Sarigoy
1641 2793 1643 2796 ,

90 2835 323 2895 Animal
344 2835 507 2893 edule
530 2829 739 2893 fastum
774 2835 857 2908 fit,
885 2835 1045 2910 quod
1081 2850 1243 2895 antea
1292 2832 1358 2891 eo
1416 2829 1585 2908 usque

88 2912 330 2987 faetebat,
370 2932 432 2972 ut
462 2913 533 2972 ab
555 2911 665 2985 ejus
692 2911 783 2972 esu
832 2915 1060 2975 Barbari
1092 2916 1266 2973 etiam
1297 2911 1585 2990 Indigenae

90 2994 452 3054 abhorrerent
471 3041 490 3067 ,
517 2992 789 3062 referente
805 3002 965 3055 Lerio.
1044 2994 1211 3053 Odor
1229 3011 1367 3072 ergo
1394 2995 1588 3073 Tajacu

89 3075 266 3136 nostri
296 3095 418 3139 non
447 3074 669 3140 aliunde
696 3076 869 3148 venit,
919 3072 1011 3134 fied
1060 3076 1168 3136 hac
1199 3077 1260 3137 in
1299 3089 1594 3213 partelna-

867 3156 930 3218 H
973 3176 1007 3215 2
1350 3172 1471 3212 tura
1495 3155 1598 3213 iter

1647 59 1801 149 115
