1968 3428
157 61 471 175 Synopfis
504 60 938 141 Animalium
979 58 1554 166 Qadrupedum.
1678 79 1842 170 317

101 193 285 257 fissura
315 198 486 258 etiam
507 211 742 257 externa
762 192 849 256 seu
881 206 1137 255 convexa
1176 207 1331 272 parte
1374 211 1494 252 non
1543 193 1624 252 in-

99 293 260 339 terna
290 294 537 351 exarata,
578 278 716 355 quid
768 275 1197 336 convenientius
1242 276 1425 352 potuit
1451 293 1622 334 exco-

99 360 264 437 gitari
299 377 419 420 tum
436 359 507 418 ad
528 360 724 419 vulnus
743 356 1142 434 infligendum,
1183 371 1303 414 tum
1336 353 1406 412 ad
1455 374 1623 415 vene-

99 460 244 500 num
272 439 697 501 infundendum
729 435 752 497 ?
796 437 1033 498 sienim
1069 432 1252 498 fiffura
1283 436 1621 496 interihsfita

101 517 308 597 fuisset,
351 520 628 585 Animalis
659 521 960 581 commorfi
1012 515 1071 579 se·
1096 514 1450 578 subducentis
1478 518 1622 576 ludia

103 602 357 663 obturari
386 607 448 664 δε
473 602 704 663 occludi
730 599 1152 680 periclitaretur,
1191 602 1254 659 δε
1278 600 1479 658 veneni
1508 595 1623 658 def-

102 681 296 745 census
347 687 410 745 δε
459 686 698 744 influxus
736 682 1033 760 impediri.-
1075 673 1274 741 verum
1310 676 1626 755 hujusmodi

105 763 490 824 conformatio
538 761 655 840 eius
692 762 955 823 infusioni
985 762 1290 841 plurimum
1332 761 1624 821 conducit.

104 843 466 925 SicScorpius,
507 849 665 927 Apis,
703 849 933 904 Formica
988 842 1107 903 imo
1152 848 1354 902 Urticae
1402 843 1624 903 aculeus

104 927 235 984 ciam
271 943 461 986 cutem
491 944 906 1004 compungunt,
950 926 1180 1004 liquoris
1210 923 1475 983 virulenti
1505 939 1627 1002 gut-

104 1005 284 1067 tulam
314 1009 374 1067 in
408 1007 638 1067 vulnere
657 1006 1002 1086 relinquunt,
1043 1027 1163 1084 quae
1210 1004 1495 1064 horrenda
1525 1005 1622 1066 illa

105 1083 491 1166 symptomata
531 1090 771 1161 inducit,
813 1086 1015 1166 absque
1035 1108 1146 1166 qua
1176 1088 1211 1146 fi
1241 1082 1396 1163 effet,
1426 1087 1625 1147 vulnus

105 1170 306 1229 nullius
324 1172 607 1230 momenti
632 1168 789 1231 foret.
869 1171 1027 1232 Nam
1063 1166 1625 1244 FranczscHernandez

106 1257 299 1309 caninis
331 1251 479 1333 hujus
513 1258 760 1332 Serpentis
784 1257 837 1311 in
864 1250 972 1328 usus
995 1250 1204 1309 medicos
1221 1247 1446 1327 ftrvatis
1461 1255 1625 1307 Μεκ-

107 1338 272 1390 icanos
301 1334 515 1391 medicos
535 1334 714 1391 collum
731 1337 1074 1412 cervicemque
1104 1333 1282 1390 doloris
1311 1337 1487 1409 capitis
1513 1332 1625 1410 pla-

108 1414 259 1472 candi
275 1415 424 1472 causc‘t
452 1435 771 1496 compungere
787 1414 981 1490 scribit.
1065 1412 1299 1488 Veii-nm,
1342 1430 1402 1470 ut
1431 1414 1629 1472 crede-

110 1514 170 1554 re
207 1495 285 1553 fas
306 1494 405 1567 est,
448 1499 591 1574 prius
619 1496 915 1574 diligenter
938 1495 1271 1568 emundatiS,
1302 1498 1364 1553 &
1394 1492 1428 1551 a
1460 1513 1630 1553 vene-

112 1594 193 1634 no
217 1574 388 1653 probe
406 1579 714 1655 repurgatis
736 1598 752 1640 3
777 1577 935 1655 quod
958 1574 1177 1650 aliasmt
1207 1574 1626 1651 conjicioffinul,

111 1673 173 1716 to
203 1655 378 1734 potius
397 1655 568 1737 quam
590 1655 881 1737 spirituum
903 1655 1383 1728 excandescentia,
1434 1658 1506 1715 ne
1522 1657 1625 1714 do-

111 1738 251 1797 lores
307 1738 426 1798 illos
478 1739 787 1800 horrendos
816 1741 1105 1818 excitaret,
1145 1738 1453 1818 periculum
1479 1734 1624 1800 effer.

114 1819 194 1879 At
218 1839 401 1900 neque
427 1824 485 1881 in
511 1821 721 1881 Ustica
766 1821 877 1881 ulla
897 1820 1138 1882 omnino
1168 1816 1457 1899 spirituum
1503 1822 1626 1883 irri-

113 1902 259 1960 tatio
284 1919 381 1962 aut
433 1901 588 1962 furor
610 1903 852 1963 concedi
876 1917 972 1962 aut
996 1902 1228 1981 intelligi
1261 1901 1464 1981 potest,
1505 1921 1627 1981 quae

115 1999 307 2042 tamen
343 2003 461 2044 non
512 1982 746 2062 impune
783 1987 1066 2054 traetatur,
1107 1978 1306 2044 verum
1352 1988 1628 2063 tangentis

115 2083 354 2124 manum
402 2085 653 2144 pungens
692 2082 942 2127 tumores
995 2066 1224 2138 excitat,
1287 2069 1350 2125 &
1405 2065 1627 2125 dolores

117 2162 292 2218 creat,
333 2148 587 2223 quamvis
616 2167 735 2208 non
767 2145 911 2208 adeo
962 2146 1149 2207 fatales
1203 2150 1264 2207 δε
1294 2145 1630 2226 periculosos

118 2247 186 2285 ac
217 2226 327 2284 alia
349 2246 579 2288 venena.
663 2228 919 2308 Ignoscat
967 2250 1017 2288 a.
1045 2230 1187 2289 mihi
1232 2236 1300 2287 D.
1324 2229 1541 2304 Charas,
1586 2234 1623 2289 fi

118 2308 191 2393 de
219 2308 547 2368 innocentia
575 2305 728 2384 hujus
749 2311 978 2389 liquoris
1017 2311 1279 2371 nondum
1311 2310 1474 2387 plane
1507 2331 1628 2386 pere

119 2383 289 2447 suasus
317 2389 388 2449 ab
429 2385 539 2467 ejus
583 2388 855 2452 sententia
904 2392 1258 2452 abhorream.
1340 2393 1466 2466 Ego
1504 2389 1629 2452 iane

119 2470 179 2527 in
203 2488 439 2547 corpore
469 2490 620 2546 me0,
659 2469 772 2550 ejus
796 2468 1048 2552 sanguini
1073 2472 1233 2533 infusi
1251 2474 1366 2532 vim
1396 2477 1457 2533 δε
1491 2469 1627 2532 effe-=

120 2552 274 2609 (stum
302 2553 512 2613 nollem
535 2556 795 2632 experiri,
838 2575 944 2616 nec
994 2556 1112 2615 aliis
1159 2572 1220 2614 ut
1269 2557 1632 2632 experiantur

123 2632 311 2691 Autor
338 2630 447 2694 effe
474 2635 664 2694 velim.
745 2637 883 2696 Non
906 2637 1027 2696 leve
1057 2654 1413 2696 momentum
1442 2637 1511 2696 ad
1540 2657 1630 2695 me

124 2714 186 2771 in
235 2718 510 2774 contraria
542 2713 810 2776 sententia
864 2718 1321 2778 confirmandum
1365 2718 1632 2793 contulit,

124 2793 279 2870 quod
313 2795 452 2853 mihi
477 2815 655 2873 nuper
677 2798 746 2857 ab
774 2798 984 2858 Amico
1011 2800 1265 2876 quodam
1289 2799 1522 2858 homine
1547 2802 1627 2858 in-

125 2875 410 2953 telligente
442 2879 504 2934 δε
529 2875 804 2937 multiscio
841 2897 1129 2940 narratum
1155 2877 1249 2939 est.
1331 2879 1628 2939 Nimirum

124 2962 255 3016 cum
286 2958 342 3015 in
365 2957 537 3015 Indiis
571 2955 702 3017 effet
749 2960 1082 3039 Indigenam
1127 2959 1435 3038 quendam,
1479 2962 1549 3020 ad
1582 2958 1631 3019 se

128 3039 192 3096 ἃ
231 3037 525 3099 familiares
571 3039 788 3117 aliquot
821 3045 917 3119 qui
973 3040 1087 3101 una
1119 3059 1277 3102 erant
1326 3038 1632 3118 ingressum

130 3120 283 3180 varia
312 3120 640 3199 Serpentum
662 3141 867 3199 genera
893 3119 1075 3186 {ecum
1101 3120 1353 3197 attuliffe,
1397 3141 1456 3182 ut
1477 3142 1638 3202 expe-

1400 3222 1644 3267 umecta
