1968 3428
160 32 316 113 160
409 102 413 104 ,
452 24 509 97 S
495 20 771 132 ynopfis·
809 19 1246 104 Animalium
1275 23 1844 132 andrupedum.

460 156 1406 216 CERCOPITHECUS'
1484 179 1580 213 non
1659 158 1902 218 barbatus

384 258 411 294 1
442 237 578 296 Clm.
662 237 772 296 Pili
805 232 1107 296 mediocris
1137 233 1512 314 longitudinis
1539 232 1677 298 fusci
1705 258 1777 299 ex
1806 241 1905 296 fla-

375 335 453 401 vp
482 317 692 377 coloris
716 339 731 376 ε
785 335 984 397 guttur
1015 331 1211 377 tamen
1241 321 1304 376 ὅτ,
1333 333 1520 376 totum
1551 321 1749 396 pestus
1767 317 1907 378 albi-

374 397 635 458 cantibus
658 397 808 457 villis
832 417 952 458 erat
974 395 1238 459 obfitum.
1323 398 1529 458 Cauda
1567 419 1691 460 non
1739 398 1915 461 valde*

374 476 606 552 hirsuta,
644 474 738 537 sed
759 479 906 540 laevis
939 479 1392 557 quodammodo,
1433 496 1706 556 tanquam
1734 480 1904 541 avulsi

373 558 599 619 fuissent
623 561 728 638 pili
756 582 775 638 3
813 577 1072 622 extrema
1094 575 1283 620 autem
1303 559 1416 636 ejus
1435 581 1560 641 pars
1580 562 1646 622 in·
1677 562 1904 643 longio-

377 661 506 700 rum
536 640 819 700 villorumv
843 645 1092 703 floccum
1125 641 1435 718 detinebat,
1475 641 1653 703 veluti
1691 644 1905 723 prioris

375 721 596 783 barbati
611 722 804 782 cauda.
1100 749 1104 752 ·
1148 728 1155 736 “

457 890 858 945 CERCOP
889 887 1341 948 ITHECUS
1414 906 1510 944 non
1578 885 1819 945 hasbania·
1863 908 1899 947 2

376 965 518 1025 clm.
600 961 833 1038 Maiore
862 967 1114 1045 corporis
1136 966 1289 1026 mole
1329 967 1590 1045 praeditus
1628 964 1792 1026 fuiffe
1820 969 1905 1027 vi-

376 1045 634 1117 debatur,
674 1044 1031 1123 rostnimqu'e
1081 1045 1303 1126 prorsus
1347 1045 1561 1106 fuscum
1614 1044 1866 1108 habuisse
1881 1094 1900 1122 ,

376 1140 552 1206 caput
580 1123 1003 1186 canescentibus
1026 1127 1175 1187 villis
1213 1131 1431 1188 tedium
1461 1177 1481 1201 ,
1551 1131 1613 1187 Sc
1672 1128 1889 1189 collum

375 1226 515 1265 cum
537 1207 974 1286 pectorelongis
990 1210 1167 1281 villis,
1210 1209 1483 1269 Leoninae
1535 1206 1679 1286 jubae
1725 1208 1901 1269 instar

374 1288 551 1347 etiam
577 1283 997 1348 canescentibus
1036 1290 1303 1362 oblitum,
1351 1290 1562 1368 alioqui
1608 1288 1793 1350 form-3.
1814 1288 1898 1350 su-

374 1370 590 1447 periori
621 1388 744 1428 non
772 1386 892 1429 erat
915 1369 1079 1430 valde
1101 1368 1394 1431 dissimilis

456 1534 826 1612 Cercopithecus
891 1540 932 1594 S
949 1538 1004 1593 A
1024 1539 1071 1592 G
1092 1540 1138 1592 O
1156 1537 1220 1592 U
1238 1539 1268 1593 I
1288 1536 1354 1593 N
1415 1529 1573 1593 Clu&
1694 1530 1897 1593 Sciuro

372 1612 570 1670 minor
591 1631 730 1686 erat,
771 1615 834 1671 δε
866 1613 1011 1672 adeo
1050 1614 1395 1686 delicatulus,
1436 1629 1500 1672 ut
1527 1610 1695 1673 molli
1731 1614 1897 1675 villo*

368 1686 536 1769 saque
551 1693 698 1771 pelle
728 1692 997 1754 fovendus
1026 1693 1160 1754 effet
1191 1695 1268 1755 ob
1312 1696 1453 1753 aeris
1501 1691 1808 1773 frigidioris
1838 1717 1897 1755 a·-

365 1769 708 1851 speritatem.
790 1775 1067 1835 Rostrum
1118 1779 1182 1835 δε
1230 1777 1430 1854 capitis
1472 1795 1595 1852 pars
1644 1777 1896 1836 anterior

369 1856 693 1916 Leoninam
710 1857 1145 1934 quedammodo
1160 1856 1408 1918 formam
1431 1853 1764 1930 referebant,
1792 1855 1895 1917 fus:

368 1933 555 2013 coque
577 1936 788 2011 colore,
828 1939 924 1997 cui
946 1937 1164 1998 rubedo
1219 1938 1478 2014 quaedam
1521 1938 1793 2009 admixta,
1840 1958 1896 1998 ea

370 2034 501 2076 rant
527 2019 798 2098 praedita:
842 2019 1021 2079 Aures
1072 2018 1383 2079 albentibus
1431 2017 1572 2077 villis
1631 2016 1853 2079 hirsutae
1873 2069 1894 2094 ,

369 2097 571 2179 quibus
594 2099 763 2177 ruber
790 2100 948 2160 color
995 2101 1171 2159 etiarn
1216 2100 1547 2159 admixtus:
1587 2115 1783 2178 guttur
1826 2104 1890 2159 δε

368 2181 562 2257 pestus
592 2179 938 2259 longioribus
953 2181 1097 2241 villis
1123 2183 1334 2260 partim
1370 2176 1549 2253 fulciS,
1577 2183 1788 2259 partim
1812 2182 1894 2240 al·

369 2260 453 2317 bis
477 2264 625 2320 tecsta
654 2260 934 2322 habebat:
974 2262 1175 2338 reliqui
1203 2262 1301 2340 pili
1347 2280 1447 2340 per
1477 2280 1680 2339 corpus
1724 2257 1891 2340 sparsi·

368 2339 483 2400 albi
510 2345 571 2400 &
602 2343 773 2422 nigri,
794 2342 1058 2403 radiatim
1086 2342 1116 2401 ὲ
1143 2338 1309 2402 dorso
1338 2342 1410 2401 ad
1439 2357 1700 2401 ventrem
1730 2361 1890 2403 erant

367 2419 660 2500 dispofiti:
701 2422 883 2482 cauda
912 2425 1107 2498 etiam,
1149 2442 1274 2499 quae
1298 2423 1474 2502 longa
1501 2440 1658 2497 erat,
1704 2426 1891 2484 fimilis

368 2503 579 2562 coloris
607 2502 735 2582 pilis
762 2504 1085 2564 alternatim
1105 2523 1225 2564 erat
1252 2509 1401 2566 testa
1426 2527 1442 2564 ε
1485 2520 1684 2564 venter
1712 2507 1893 2584 nigris

368 2583 499 2661 pilis
527 2585 795 2643 vestitus:
837 2587 1026 2645 Crura
1054 2587 1336 2646 breviores
1375 2586 1488 2646 albi
1514 2585 1616 2665 pili
1636 2587 1887 2663 quadam

366 2662 644 2725 rubedine
673 2663 866 2725 infesti
897 2667 1179 2746 tegebant.
1261 2668 1438 2727 Pedes
1467 2667 1528 2727 in
1585 2686 1613 2744 5
1678 2665 1891 2747 digitos

366 2763 490 2804 non
509 2745 672 2804 valde
702 2745 906 2825 longos
935 2745 1036 2806 fiffi
1065 2746 1202 2807 albis
1226 2747 1509 2829 unguibus
1548 2763 1708 2809 erant
1752 2768 1888 2827 prae-

367 2824 492 2885 diti.
571 2827 621 2887 E
652 2845 932 2907 ceporum
955 2846 1175 2908 genere.

1765 3047 1884 3113 Hic
