1968 3428
170 51 488 162 Synopfis
527 47 952 133 Animalium
988 48 1541 157 Qadrupednm.

114 185 190 250 In
209 186 391 246 domo
425 183 661 245 Autoris
688 180 894 260 absque
916 187 1080 246 omni
1115 183 1249 246 cibo
1268 179 1529 245 solidiore
1558 207 1631 246 21

117 263 337 328 menses
368 265 623 327 inediam
657 267 936 327 toleravit.

191 432 247 491 T
266 438 316 491 E
348 437 387 490 S
408 436 455 488 T
477 434 542 488 U
573 435 628 488 D
657 434 705 486 O
727 430 983 488 terrestris
1014 427 1196 512 pusilla
1236 450 1298 486 ex
1323 426 1472 486 India
1513 434 1633 487 Ori—-

113 513 289 572 entali.
337 511 561 570 Worm.
581 504 734 569 Mus.
811 509 1000 570 Testae
1060 506 1357 588 superioris
1384 509 1635 588 longitu-

111 591 190 652 do
243 593 342 652 vix
392 612 431 672 4
474 589 556 651 est
592 590 932 669 digitorum,
989 591 1236 650 latitudo
1282 611 1337 669 4.
1420 590 1635 649 Tribus

112 672 338 734 constat
364 670 704 733 teffellarum
747 672 1058 747 ordinibUS,
1098 674 1159 729 δε
1203 672 1383 743 limbo
1432 689 1636 730 omnes

114 755 420 814 ambiente.
503 755 610 814 Hae
627 753 761 812 vero
796 752 1015 813 tessellae
1033 754 1197 812 variis
1215 751 1501 812 coloribus
1543 754 1634 831 pi-

113 837 216 894 ctae
242 833 622 916 fimt,³nigr0,
665 834 816 907 albo,
860 853 1175 914 purpureo,
1218 832 1509 908 subviridi,
1552 835 1634 892 lu-

112 933 230 991 te0,
274 938 396 994 quae
425 917 523 977 ubi
547 916 869 976 laminatim
897 917 1173 976 decidunt
1200 934 1500 975 remanent
1538 933 1634 974 ve·

112 996 281 1077 stigia
309 998 341 1058 ὲ
367 999 540 1078 nigro
566 998 798 1057 luteola.
881 997 1129 1058 Inferior
1175 996 1316 1056 testa
1340 1013 1464 1056 tota
1492 997 1634 1056 albi-

111 1097 224 1152 cat,
278 1081 341 1138 &
376 1081 544 1139 variis
570 1079 733 1138 lineis
757 1077 1121 1138 denticulatis
1164 1077 1632 1158 interstinguitur.

113 1164 312 1240 Caput
337 1164 398 1220 δε
434 1160 675 1221 rostrum
699 1157 1339 1231 Pfittaciformahabet,
1382 1161 1445 1218 in
1477 1157 1634 1233 cujus

109 1236 435 1302 summitate
489 1243 919 1322 praeeminenti-a
948 1241 1209 1320 quaedam
1248 1242 1511 1313 mimam,
1552 1242 1635 1299 lu-

114 1339 210 1383 teo
233 1323 610 1384 interstincta.
670 1323 912 1383 Collum
942 1322 1247 1403 angustum
1280 1345 1294 1382 ε
1339 1322 1516 1383 Pedes
1536 1342 1634 1380 an-

116 1406 368 1479 teriore5‚
406 1421 468 1464 ut
510 1409 574 1464 δε
628 1424 798 1465 crura
842 1409 1062 1466 corneis
1110 1402 1416 1481 squamulis
1439 1404 1636 1462 obsita.

115 1486 294 1545 Pedes
320 1487 479 1564 plani
498 1483 646 1560 sunt,
691 1487 752 1547 in
781 1508 821 1566 4
844 1507 1062 1567 ungues
1091 1484 1401 1547 terminati.
1444 1484 1638 1544 Crura

116 1566 434 1646 posteriora
463 1567 727 1646 longiora
751 1564 878 1628 sunt
901 1574 961 1627 δε
988 1569 1267 1642 tenuiora,
1292 1565 1453 1627 corio
1476 1586 1638 1625 com-

118 1649 284 1706 muni
326 1651 498 1723 tecta,
519 1646 613 1708 led
632 1650 799 1729 pedes
825 1648 1126 1727 squamosi,
1155 1653 1215 1708 &
1240 1665 1302 1707 ut
1334 1649 1640 1706 anteriores

115 1749 157 1806 4
190 1729 474 1808 unguibus
505 1733 723 1790 armati.
806 1732 1075 1792 Caudam
1095 1749 1326 1790 tenuem
1355 1728 1545 1798 babet,
1572 1730 1637 1787 in

118 1811 346 1887 apicem
371 1812 757 1890 terminatam,
801 1815 899 1874 vix
929 1813 1099 1893 digiti
1128 1811 1358 1871 dimidii
1388 1811 1638 1889 longitu-

113 1889 265 1950 dine.
346 1891 469 1953 Alii
502 1890 660 1970 hujus
688 1897 909 1974 generis
941 1892 1066 1955 sunt
1092 1892 1331 1973 majores
1360 1894 1422 1949 δι
1456 1894 1639 1952 mino-

115 1990 215 2031 res,

198 2051 460 2113 Testudo
483 2051 753 2115 teffellata
777 2056 989 2130 minor,
1030 2076 1104 2116 an
1132 2056 1287 2135 picta
1304 2049 1397 2112 seu
1420 2052 1636 2113 stellata

119 2139 332 2194 Wormii
356 2139 379 2194 ,ἲ
422 2136 526 2195 The
554 2136 683 2214 leffir
710 2138 1007 2221 checquered
1023 2136 1255 2214 Tortoise'.
1335 2135 1481 2195 Hist.
1508 2135 1633 2195 ΚΒ.

119 2214 269 2274 Mus,
313 2224 381 2274 D.
399 2223 571 2276 (ἔνων.
654 2217 834 2294 Hujus
864 2218 1015 2279 dorsi
1044 2217 1406 2301 operculum.
1455 2219 1487 2274 si
1536 2234 1636 2294 per

120 2314 445 2357 convexum
494 2299 743 2358 metiaris
767 2300 880 2379 digc
901 2322 955 2377 7.
989 2299 1351 2379 longitudine
1394 2294 1638 2375 superat,

120 2375 418 2440 latitudine
446 2398 492 2456 5.
513 2379 707 2439 colore
730 2381 1070 2460 nigr02striis
1089 2379 1526 2440 rhomboidibus
1555 2397 1637 2436 re·

122 2455 286 2518 ferto,
387 2461 532 2519 Tres
584 2461 813 2521 ordines
861 2463 1380 2542 prominentiarurn
1440 2475 1640 2538 praeter

122 2536 370 2599 limbum
392 2540 593 2602 testam
619 2541 975 2604 constituunt
996 2541 1367 2624 superiorem,
1404 2543 1467 2600 in
1497 2561 1639 2618 quo-

123 2639 256 2680 rum
286 2621 481 2681 medio
523 2642 577 2702 ς,
603 2623 665 2682 in
684 2624 1006 2684 lateralibus
1047 2648 1090 2705 4
1114 2620 1545 2701 conspiciuntur
1582 2640 1642 2681 e-

121 2702 436 2776 minentiae,
468 2702 503 2762 a
529 2723 771 2780 quarum
801 2723 1002 2764 centro
1031 2724 1188 2765 nunc
1227 2704 1432 2783 plureS,
1480 2720 1639 2763 nunc

121 2783 420 2860 pauciores
449 2783 522 2842 ad
579 2784 861 2844 ambitum
895 2785 1227 2846 derivantur
1274 2786 1436 2844 lineae
1459 2783 1641 2843 stella-

125 2864 234 2923 tim
265 2860 559 2944 dispositae.
637 2863 880 2926 Inferior
911 2865 1053 2926 testa
1086 2873 1117 2928 8
1147 2861 1394 2925 discretis
1421 2864 1641 2925 constat

124 2942 383 3019 lamini5‚
424 2941 622 3004 suturis
650 2963 703 3020 q.
746 2946 1086 3025 conjunctis,
1125 2966 1375 3024 quarum
1403 2945 1524 3006 duae
1552 2963 1638 3004 τε·

124 3025 296 3102 liquis
320 3026 498 3106 duplo
530 3022 768 3099 majores
816 3051 837 3110 3
881 3031 1052 3111 nigro
1084 3032 1146 3088 δε
1188 3024 1443 3088 subluteo
1486 3026 1646 3087 colo-

127 3125 190 3167 re
218 3109 515 3188 variegatas
544 3126 764 3171 omnes,

955 3188 1015 3249 R
1058 3207 1095 3256 2,
1510 3184 1656 3245 Haec

1701 81 1870 169 259
