1968 3428
65 48 67 51 ’
148 23 469 137 Synopfis·
510 24 934 104 Animalinm
958 23 1527 131 Qadrupedum.

95 165 252 225 enim
282 163 354 223 ad
391 161 674 239 Serpentis
703 162 881 221 etiam
915 161 1170 237 primum
1201 161 1296 219 visi
1338 155 1621 237 aspedtum

94 264 214 310 non
246 261 391 305 totus
417 239 781 316 cohorrescit,
823 245 886 301 &
916 241 966 300 le
993 237 1285 301 subducit?

179 326 404 388 Eodem
433 325 584 383 victu
609 326 786 384 utitur
828 343 946 400 quo
978 323 1175 397 Ranae,
1218 322 1492 381 nimirum
1522 317 1618 375 In-

93 404 270 485 sezstis,
311 406 595 467 lumbricis
646 411 707 468 &
761 405 1006 464 cochleis
1032 403 1420 478 terrestribus;
1461 402 1622 459 aiunt

96 495 159 551 &
202 490 443 548 humore
467 485 845 574 terre9fvesci:
890 488 1046 564 quod
1087 507 1206 545 non
1236 483 1315 544 est
1357 478 1621 571 diffimile

96 572 232 631 veri.
314 566 561 629 Bufones
588 570 741 629 enim
786 568 844 626 in
873 568 1072 627 mediis
1097 569 1369 627 arborum
1410 578 1622 623 truncls

97 649 218 713 imo
242 653 301 710 in
329 654 492 727 petris
520 647 1046 714 diffeetisinventos
1069 645 1179 709 effe
1200 664 1353 708 certa
1379 646 1490 705 fide
1515 663 1621 701 no-

102 735 185 794 bis
215 731 453 804 constat,
494 731 592 790 ubi
623 751 742 791 non
773 731 948 789 aliud·
977 731 1078 790 illis
1104 732 1440 790 alimentum
1495 723 1620 802 sup-

98 813 323 894 petebat
346 812 523 890 quam
553 814 758 872 humor
780 813 939 889 ipfius
962 830 1150 890 petrae',
1192 815 1253 870 δε
1277 828 1469 870 tamen
1496 827 1624 885 per-

99 894 305 955 multos
348 915 524 954 annos
545 894 757 954 ibidem
787 895 1161 953 incarceratos
1195 890 1410 952 durfiffe
1440 884 1622 949 neces-

96 974 346 1052 sarium3
390 995 500 1035 nec
522 978 678 1036 enim
735 973 932 1054 sponte
976 974 1058 1035 ibi
1104 975 1322 1052 genitos
1366 969 1525 1032 fuiffe
1561 971 1624 1028 li·

101 1058 237 1120 bens
269 1054 650 1117 concesserim.

183 1221 297 1280 TE
329 1225 367 1279 S
398 1224 604 1279 TUD
627 1226 676 1277 Ο
697 1265 717 1294 ,
776 1213 987 1276 Graecis
1031 1219 1248 1295 Χελῶνιν,
1291 1216 1346 1277 'A
1393 1210 1624 1289 Tortoift.

103 1300 286 1363 Testae
316 1322 436 1379 pars
467 1298 714 1378 superior
762 1293 864 1371 [in
888 1296 1201 1359 Testudine
1253 1296 1493 1358 terrestri
1526 1297 1624 1355 In·-

101 1384 513 1442 dicamaxima
540 1379 920 1442 parisiensibus
964 1377 1272 1459 descripta]
1310 1380 1338 1437 ὲ·
1359 1380 1519 1438 variis
1546 1379 1625 1436 la-

103 1465 277 1522 mellis
297 1483 400 1523 ceu
425 1461 724 1540 squammis
745 1457 969 1520 diversae
992 1462 1200 1538 figurae,
1247 1458 1519 1538 plerisque
1545 1477 1625 1518 ta-

104 1563 239 1603 men
285 1547 638 1621 pentagoniS,
679 1544 1147 1621 componebatur.
1227 1544 1491 1604 Lamellae
1529 1539 1623 1599 ist-

104 1625 223 1684 haec
264 1622 351 1685 seu
380 1621 661 1702 figmenta
705 1622 806 1685 offi
833 1624 995 1684 affixa
1021 1639 1181 1684 erant
1209 1627 1389 1684 cranii
1430 1621 1626 1696 instar,

104 1707 385 1767 Animalis
427 1710 714 1766 interanea
741 1711 1027 1784 cingentes
1048 1727 1181 1767 cum
1217 1706 1431 1784 duplici
1466 1725 1623 1784 aper-

102 1802 246 1857 tura,
288 1791 394 1848 una
424 1784 669 1867 anterius
708 1808 808 1866 per
837 1807 1011 1866 quam
1041 1805 1210 1866 caput
1268 1784 1510 1867 scapulas
1560 1791 1625 1847 ὅτ,

102 1869 263 1946 pedes
282 1872 581 1930 anteriores
605 1867 825 1942 exserit,
884 1868 1053 1929 altera
1083 1871 1213 1930 huic
1243 1865 1491 1949 opposita
1524 1889 1629 1946 po-

103 1948 312 2024 steriuS,
351 1952 503 2011 unde
541 1954 706 2030 pedes
735 1949 1066 2030 posteriores
1111 1957 1173 2014 &
1219 1950 1438 2011 femora
1469 1969 1627 2028 egre-

103 2031 350 2091 diuntur.
430 2032 516 2092 Os
547 2032 863 2092 isthoccui
910 2028 1150 2110 squamae
1179 2029 1627 2093 adnascebantur

104 2114 387 2172 nonnullis
415 2116 474 2173 in
504 2113 639 2174 locis
660 2110 996 2174 sescunciam
1038 2113 1281 2175 craffum
1306 2131 1444 2187 erat,
1476 2114 1630 2187 alibi,

108 2192 206 2252 ubi
240 2192 644 2269 tenuiffimum,
693 2195 902 2256 lineam
956 2200 1020 2257 &
1047 2197 1346 2259 dimidiam
1377 2193 1629 2256 craffitu·

106 2274 242 2333 dine
281 2295 397 2334 non
438 2278 766 2338 excedebat.
848 2276 1081 2356 Duplex
1132 2276 1233 2352 est,
1274 2278 1454 2337 altero
1497 2278 1630 2336 dor-

109 2351 228 2417 sum
251 2355 538 2435 integitur,
578 2359 754 2418 altero
780 2375 1002 2434 venter,
1042 2378 1163 2436 quae
1184 2360 1244 2420 in
1273 2357 1530 2419 lateribus
1563 2360 1629 2417 fi-

110 2434 170 2494 bi
207 2453 404 2496 mutuo
452 2437 748 2500 commissa
800 2437 943 2506 sunt,
999 2440 1400 2517 &ligamentis
1433 2440 1632 2500 validis

109 2513 370 2594 durisque
388 2515 596 2596 innota,
630 2541 749 2581 non
774 2517 852 2580 ita
878 2537 1071 2582 tamen
1095 2525 1235 2600 quin
1260 2521 1504 2582 motibus
1526 2521 1630 2582 ob-

109 2600 304 2658 eundis
320 2602 601 2662 cedant&
623 2602 937 2663 libertatem
965 2606 1315 2682 permittant.

193 2766 305 2820 TE
336 2767 375 2818 S
405 2765 533 2821 TU
550 2769 604 2822 D
624 2771 671 2822 O
713 2740 957 2841 ssrrestris
981 2766 1244 2845 vulgaris,
1273 2765 1376 2824 The
1403 2789 1628 2824 common

110 2844 268 2901 Land
289 2844 511 2922 Tortoise.
596 2844 785 2903 Luteis
818 2849 878 2904 &
908 2847 1075 2923 nigris
1125 2848 1354 2906 maculis
1397 2846 1487 2908 seu
1544 2869 1629 2906 ar-

104 2925 246 2983 eolis
274 2924 333 2983 in
356 2924 518 2984 dorio
543 2924 918 3002 distinguitur.
999 2926 1174 2988 Testa
1191 2925 1433 3008 superior
1464 2928 1629 2988 valde

107 3023 363 3065 convexa
394 3004 497 3079 est,
545 3004 780 3066 inferior
806 3009 987 3084 plana.
1067 3009 1260 3087 Caput
1311 3010 1480 3069 babet
1509 3028 1631 3086 par-

110 3101 267 3159 vum,
295 3084 699 3168 serpentinum,
715 3089 870 3171 quod
894 3087 1147 3152 exserere
1171 3096 1233 3152 &
1261 3093 1406 3231 inim
1429 3089 1631 3150 testam

1337 3173 1621 3235 obducere

1691 50 1847 137 243
