1983 3428
361 61 474 139 De
511 38 952 142 Animalibus
1005 67 1080 138 in
1102 86 1370 166 genere,
1748 86 1799 159 J
1829 87 1856 136 ι

195 192 317 253 Cur
345 194 522 253 Canis
549 195 614 252 in
641 189 914 268 mensam,
937 193 975 252 fi
995 190 1164 251 altior
1188 193 1273 264 fit',
1302 209 1424 251 non
1453 187 1645 249 statim

114 275 331 348 exfilit,
353 271 446 333 sed
492 270 749 353 primum
786 277 851 334 in
903 273 1233 352 proximam
1281 270 1643 343 cathedram,

115 354 254 414 hinc
283 357 344 414 in
391 353 645 416 mensam
669 351 951 414 ascendit?
1001 373 1123 413 non
1152 351 1449 413 immerito
1495 370 1645 426 quae·

100 436 188 494 ‘rit
218 435 291 494 D.
325 437 609 510 Colbertm,
651 436 752 513 qui
782 432 1034 515 pluribus
1085 432 1370 494 instantiis
1413 431 1647 511 prolatis

113 516 430 590 concludit,
470 521 748 576 Neminem
771 515 1246 592 tantamfhlertiam
1268 521 1325 574 in
1368 519 1647 574 Automate

111 597 233 679 poffie
253 600 380 658 bona
393 599 500 677 fide
550 596 799 679 agnoscere
835 614 1083 677 quantam
1134 602 1188 656 in
1224 599 1380 677 equis,
1421 594 1649 666 canibus,

100 683 289 760 stmiis,
320 679 568 758 elephante
590 674 661 741 ὅθ’
687 680 913 738 omnibus
939 697 1068 759 poene
1113 675 1446 738 Animalibus
1477 673 1649 756 agnos·

112 767 301 818 cimus:
341 758 501 836 quod
528 760 592 818 δέ
624 757 1044 820 Ποῖῠὶενὶἀθωῑ.

194 837 708 919 Secundo,Opinio
725 837 916 899 isthaec
930 837 965 898 a
988 838 1287 899 communi
1305 835 1525 916 generis
1539 833 1648 893 hu-

111 921 269 980 mani
290 915 442 980 sensu
457 922 518 980 &
546 917 825 981 sententia
844 919 1277 998 abhorret.Quis
1296 919 1453 977 enim
1475 915 1650 975 Bruta

111 1001 374 1061 dolorem
406 1001 632 1062 nullum
663 1005 805 1081 pati,
851 1020 962 1062 nec
980 999 1223 1061 viciffim
1238 998 1535 1078 voluptate
1550 1013 1647 1056 aut

108 1082 303 1143 laetitia
332 1082 614 1163 perfundi,
656 1083 910 1160 adeoque
955 1082 1351 1142 crudelitatem
1382 1097 1516 1158 erga
1551 1078 1645 1139 illa

112 1166 362 1224 exerceri
387 1183 508 1225 non
539 1161 697 1243 poste
744 1171 921 1246 Peyero
964 1162 1285 1223 concedet?
1327 1160 1482 1246 Qis
1521 1174 1642 1220 tam

110 1243 323 1305 ferreus
348 1244 469 1305 est?
520 1262 639 1305 tam
688 1244 760 1304 ab
802 1245 967 1305 omni
989 1241 1375 1306 misericordia
1405 1241 1640 1314 alienUS,

112 1342 174 1385 ut
203 1325 557 1386 Animalibus
579 1322 735 1386 hisce
763 1327 1009 1406 graviter
1056 1326 1277 1386 afflictis
1321 1324 1554 1398 diraque
1576 1324 1643 1380 δε

110 1424 369 1467 extrema
395 1407 746 1487 patientibus
775 1427 897 1469 non
921 1407 1191 1467 indoleat.
1262 1404 1437 1467 Certe
1453 1403 1646 1482 vulgus

111 1488 369 1550 nostrum
394 1488 531 1548 cum
564 1489 804 1548 Brutum
848 1487 1078 1565 aliquod
1123 1487 1364 1548 letaliter
1387 1483 1646 1544 vulnera-

113 1587 262 1644 tum,
309 1571 514 1629 morbo
563 1567 864 1630 insanabili
911 1569 1172 1630 laborans
1202 1615 1220 1642 ,
1299 1583 1395 1628 aut
1444 1564 1645 1625 dolore

112 1652 312 1728 quovis
355 1650 683 1711 vehementi
744 1653 1064 1717 cruciatum
1106 1651 1262 1710 videt
1287 1694 1304 1721 ,
1342 1644 1649 1727 spectaculi

112 1732 415 1812 impatiens
439 1732 698 1811 praestare
728 1728 985 1792 clamitat
1020 1747 1086 1790 ut
1118 1731 1435 1802 occidatur,
1476 1726 1644 1788 adeo—

112 1832 222 1890 que
242 1812 277 1872 ὲ
306 1813 804 1882 dolore-liberetur
846 1811 968 1897 [pue
999 1832 1085 1872 out
1114 1812 1180 1894 of
1195 1819 1264 1872 its
1289 1810 1439 1892 pain]
1478 1809 1645 1885 Qid

113 1895 263 1954 aliud
289 1895 603 1975 significant
624 1894 896 1969 lamenta,
937 1895 1195 1972 querelae,
1220 1892 1491 1975 gemituS,
1527 1888 1645 1968 eju-

111 1975 270 2050 latus,
299 1975 751 2049 vociferationeS,
789 1994 920 2052 quas
942 1972 1219 2054 percuffa,
1262 1968 1415 2045 caesa,
1448 1971 1645 2031 vulne-

113 2073 234 2122 rata
263 2058 459 2131 edunt,
502 2055 624 2117 imo
654 2057 962 2137 lachrymae
983 2076 1116 2133 quas
1144 2074 1342 2115 earum
1367 2052 1642 2112 nonnulla

114 2154 176 2196 ut
204 2164 262 2198 v.
275 2162 330 2220 g.
364 2137 727 2210 TestudineS,
766 2139 1014 2197 ubertim
1037 2136 1306 2212 fundunt,
1344 2133 1523 2212 quam
1541 2133 1633 2194 aii-

114 2238 290 2295 quem
314 2222 380 2279 iis
403 2220 612 2279 doloris
638 2215 861 2279 iensum
892 2216 1102 2278 inesse?
1424 2274 1426 2276 .

192 2302 443 2377 InquieS,
486 2302 600 2361 hoc
673 2297 1020 2377 raejudicium
1052 2298 1135 2359 est
1163 2347 1181 2372 ,
1227 2299 1319 2358 cui
1347 2314 1545 2359 omnes
1569 2295 1641 2356 ab

114 2382 347 2441 ineunte
368 2399 526 2442 aetate
573 2321 907 2441 aliiievimus
933 2427 951 2454 ,
992 2380 1262 2458 quodque
1316 2399 1438 2439 non
1476 2375 1647 2437 facile

114 2464 449 2533 excutimuS,
488 2464 662 2522 Bruta
685 2460 798 2522 scil.
814 2460 1151 2522 Animantia
1181 2462 1453 2540 cogitare,
1488 2459 1643 2537 quod

116 2543 315 2601 eadem
345 2539 641 2603 nobiscum
667 2545 762 2618 qui
797 2543 1111 2622 cogitamus
1136 2539 1392 2602 sensuum
1427 2559 1643 2620 organa

116 2623 381 2683 habeant.
461 2623 542 2683 At
597 2621 931 2704 Philosophi
982 2621 1185 2684 melius
1231 2622 1421 2682 edocti
1481 2621 1647 2700 supra

115 2706 319 2784 vulgus
337 2701 576 2784 sapiunt.
659 2706 788 2784 Ego
812 2704 1080 2781 equidem
1117 2706 1182 2765 in
1210 2721 1412 2763 eorum
1440 2721 1640 2762 nume·

116 2806 185 2845 ro
213 2805 433 2845 nomen
458 2805 651 2845 meum
680 2786 952 2864 profiteor
997 2787 1098 2862 qui
1150 2785 1288 2845 huic
1317 2781 1645 2864 praejudicio

119 2864 401 2939 affuerint,
421 2886 530 2927 nec
551 2868 694 2932 illud
721 2867 992 2927 haetenus
1015 2867 1303 2948 deponere
1331 2864 1650 2944 potuerint,

118 2950 227 3007 five
250 2948 308 3007 id
340 2948 859 3021 infirmitatimeae‚
906 2949 1016 3007 five
1061 2968 1200 3027 argu
1297 2965 1534 3007 ntorum
1579 2946 1643 3008 in

117 3031 474 3087 contrarium
525 3029 823 3090 allatorum
913 3027 1302 3088 imbecillitat1
1360 3026 1646 3087 debeatur.

77 3108 83 3114 ’
119 3107 295 3194 Qafi
326 3110 459 3174 vero
480 3108 594 3183 hoc
621 3113 682 3171 fit
711 3105 1124 3195 Philosophum
1156 3107 1289 3186 effe,
1330 3107 1652 3173 humanita-

947 3201 949 3203 ’
1540 3201 1659 3246 tem
