1968 3428
101 27 413 136 Synopsis·
451 24 871 106 Animalium
905 23 1452 132 Qadrupedum.
1659 72 1767 154 93

43 158 160 221 sam
191 157 283 219 sed
313 158 430 219 uno
457 155 780 236 fig-il10,non
814 178 842 235 5
877 174 941 216 ut
971 159 1034 218 in
1063 158 1280 218 Darnis,
1361 155 1570 218 Mense*

43 239 355 299 Decembri
378 237 642 317 proxime
692 234 879 316 elapso
903 235 1006 298 suis
1045 239 1381 318 praegnantis
1415 242 1568 298 circa

44 321 299 382 medium
333 318 658 398 gestationis
692 335 914 396 ternpus
951 336 1174 377 uterum
1207 316 1458 393 diffecui,
1503 321 1565 380 in

43 420 160 477 quo
181 422 302 461 non
330 399 722 477 usquequaque
738 399 812 457 de
837 401 939 457 fitu
962 397 1121 458 foetus
1148 396 1367 475 ejusque
1382 417 1563 459 mem-

44 481 347 542 branarum
388 480 652 540 mihimet
707 476 977 538 satisfeci:
1023 479 1198 538 alium
1217 498 1356 558 ergo
1380 483 1562 557 partui

43 564 383 623 viciniorem
405 558 731 619 amiciffimi
758 562 819 616 &
862 558 1285 637 ingeniofiffimi
1337 561 1459 620 Viri
1484 561 1560 620 D.

46 643 512 722 BenjaminiAllen
536 640 802 698 Brantriae
842 640 906 699 in
953 641 1163 698 vicinia
1207 639 1560 701 medicinam

44 721 322 794 facientis„
361 721 639 781 beneficio
671 723 890 793 nauus,
931 720 1137 779 eodem
1162 718 1435 779 affistente
1466 741 1560 780 cu-

44 800 238 863 riofius
262 803 458 861 omnia
488 802 719 859 rimatus
756 796 879 857 sum
930 801 1168 861 Cornua
1212 803 1357 859 uteri
1386 802 1451 859 iis
1500 806 1562 865 in
1640 804 1647 809 ”

44 885 183 943 locis
212 882 307 942 ubi
336 880 494 941 foetus
516 878 769 956 jacebant
791 881 1078 958 infigniter
1100 881 1567 959 protuberabant,

42 962 438 1025 ininterstitiis
478 961 718 1026 foetuum
756 960 919 1019 valde:
961 960 1420 1041 angustabantur‚
1459 964 1561 1030 ubi

43 1044 156 1103 loci
183 1046 387 1105 cavitas
411 1040 502 1101 seu
522 1043 731 1101 canalis
760 1042 1007 1101 internus
1041 1040 1277 1102 materia
1323 1045 1560 1102 mucila-

46 1123 244 1205 ginosa
271 1122 490 1184 sordide
517 1120 660 1181 flava
700 1120 1082 1182 obturabatur.
1165 1122 1434 1182 Chorion
1464 1121 1559 1184 seu

46 1206 379 1267 membrana
400 1203 602 1262 foetum
630 1203 952 1279 &liquores
992 1200 1449 1279 membranasque
1474 1223 1560 1263 re-

45 1287 224 1364 liquas
242 1288 564 1358 continenS,
599 1281 908 1343 farciminis
943 1282 1118 1364 figura
1165 1300 1323 1358 erat,
1362 1301 1562 1346 ventre

44 1366 135 1428 seu
156 1367 345 1427 media
374 1382 534 1446 parte
555 1364 762 1445 ampla,
816 1380 1073 1424 extremo
1111 1364 1353 1442 utroque
1391 1366 1562 1426 turbi-

48 1465 187 1509 nato
207 1497 227 1522 ,
269 1468 390 1507 non
418 1462 609 1506 tamen
655 1446 877 1524 penitus
895 1442 1135 1521 occlusO,
1162 1442 1254 1505 sed
1280 1445 1562 1506 foramine

50 1529 327 1589 mediocri
348 1528 564 1608 pervi0,
611 1545 716 1604 per
740 1525 896 1602 quod
928 1527 1219 1586 allantoides
1244 1524 1455 1606 egreffa
1499 1528 1561 1589 in

49 1613 293 1685 vesicam
319 1608 441 1668 satis
466 1607 717 1685 amplam
741 1604 1089 1667 dilatabatur.
1172 1607 1382 1668 Veficae
1401 1605 1561 1683 hujus

50 1692 262 1751 collum
280 1687 369 1749 seu
399 1705 679 1768 apertura,
722 1685 841 1764 qua
868 1686 1071 1747 chorio
1110 1683 1375 1767 jungitur,
1425 1686 1564 1748 mus-

0 1846 5 1849 ,
52 1773 299 1832 cularem
327 1771 446 1829 vim
466 1768 673 1829 habere
712 1766 1026 1840 videbatur,
1066 1766 1179 1846 qua
1227 1767 1389 1830 facile
1434 1789 1561 1829 cru-

51 1873 229 1913 mena:
260 1850 430 1911 instar
477 1848 741 1912 contrahi
775 1853 834 1908 Sc
866 1849 1039 1910 laxari
1068 1846 1261 1928 poffet.
1344 1851 1561 1925 Liquor

52 1933 377 1994 Allantoide
396 1949 694 1992 contentus
720 1939 880 1994 adrve
906 1930 1092 1990 eidem
1119 1931 1338 1989 inflatus
1360 1929 1561 2007 abique

11 2033 14 2036 ·
54 2016 163 2074 ulla
190 2017 248 2074 vi
273 2015 334 2074 in
365 2015 602 2073 vesicam
656 2010 1063 2090 egrediebatur,
1101 2011 1344 2088 indeque
1410 2029 1562 2072 retro

55 2096 249 2174 repelli
278 2097 482 2174 potuit.
562 2092 831 2152 Chorion
859 2090 1132 2168 undique,
1171 2092 1417 2172 exceptis
1437 2113 1562 2170 par-

56 2177 200 2251 tibus
226 2179 505 2247 extremis»,
539 2169 837 2233 substantia
870 2172 1111 2250 quadam
1128 2191 1349 2246 carnea,
1386 2174 1565 2246 molli,

58 2257 328 2335 placentae
374 2259 498 2315 vice
548 2254 949 2314 obducebatur.
1029 2251 1209 2329 Hujus
1253 2251 1566 2313 substantiae

57 2334 367 2416 iuperficies
404 2336 721 2416 perexiguis
750 2335 1073 2395 eminentiis
1115 2334 1400 2413 granulata
1425 2350 1564 2409 erat,

60 2418 298 2496 granulis
325 2419 387 2477 in
416 2418 676 2479 cavitates
699 2413 1099 2494 superficiarias
1127 2417 1221 2475 vix
1245 2413 1477 2474 visrbiles
1501 2436 1563 2474 u-

60 2515 184 2557 tero
231 2493 528 2575 insculptas
575 2496 1020 2576 ingredientibus
1048 2540 1062 2563 ‚
1129 2495 1281 2555 unde
1325 2495 1568 2555 chorion

61 2594 227 2638 utero
267 2580 464 2638 leviter
509 2577 859 2654 adliaerebat3
925 2574 1086 2636 facile
1132 2593 1326 2634 tamen
1368 2572 1570 2651 absque

62 2660 175 2720 ulla
206 2662 281 2734 vi,
324 2675 545 2739 ruptura
568 2674 661 2716 aut
698 2658 1036 2717 laceratione
1053 2653 1303 2715 vasorum
1325 2701 1343 2728 ,
1384 2655 1573 2715 ullove

62 2739 480 2819 haemorrhagiae
508 2738 763 2817 periculo
784 2737 1005 2796 detrahi
1044 2740 1105 2795 δε
1132 2733 1372 2815 separari
1403 2737 1573 2814 potu-

62 2822 123 2881 it.
205 2824 409 2880 Praeter
431 2818 786 2880 substantiam
801 2819 1150 2898 praedictam,
1173 2815 1461 2875 tubercula
1479 2815 1571 2875 seu

63 2902 281 2975 noduli,
322 2902 451 2960 duri
483 2946 501 2973 ,
561 2900 863 2958 albicantes
890 2895 1207 2977 compreffi‚
1231 2896 1572 2957 foraminulo

64 2984 261 3062 pervii,
304 2979 425 3040 satis
448 2979 648 3054 crebri,
688 2982 749 3037 &
774 2976 913 3040 visui
942 2983 1002 3039 Sc
1036 2979 1209 3037 tacstui
1241 2976 1415 3050 obvii,
1469 2996 1571 3055 per

66 3065 310 3125 chorion
344 3060 845 3123 disseminabantur
875 3106 892 3134 ,
934 3077 1072 3138 quos
1117 3056 1407 3140 glandulas
1464 3055 1576 3115 effe

1334 3139 1576 3215 conjeci,
