1983 3428
333 67 452 146 De
493 62 939 144 Animalibus
978 71 1053 144 in
1079 47 1348 172 genere.

90 200 268 261 bilem
282 201 380 260 vix
399 199 724 275 concedent
742 196 986 262 saniores
1005 195 1364 279 Philosophi.
1448 197 1621 279 Qio-

90 284 252 343 niam
283 285 321 342 fi
339 284 400 341 in
419 283 712 346 infinitum
726 279 1018 342 divifibilis
1037 282 1558 361 fit,partesinfinitae,
1570 283 1626 345 ei

91 365 225 442 aetu
244 365 511 443 ineruntg,
555 365 796 424 materia
849 361 1008 423 enim
1052 381 1174 423 non
1215 361 1502 423 divifibilis
1537 362 1620 423 est

91 445 162 503 in
196 448 378 524 plures
405 461 588 524 partes
614 444 787 522 quam
811 444 865 505 ei
885 446 1014 502 astu
1040 440 1230 504 insunt
1251 488 1269 514 ‚
1299 459 1363 502 ut
1382 442 1631 507 demon-

33 569 35 571 .
89 524 264 585 stratu
289 525 625 586 facillimum
650 520 826 603 effet3
853 524 1104 603 proinde
1147 523 1398 584 Dabitur
1437 524 1625 585 infini-

89 624 218 666 tum
244 610 392 679 astu,
433 606 593 683 quod
631 602 935 666 absurdum
974 608 1039 665 δι
1103 605 1618 666 contradistorium

89 685 202 748 esse
229 705 429 747 omnes
450 682 700 749 fatentur
722 710 741 766 3
785 706 904 765 quo
943 688 1119 748 etiam
1165 689 1350 767 pofito
1376 687 1533 747 mille
1559 707 1619 747 a·

91 769 167 828 lia
189 764 421 827 absurda
441 764 762 846 lequuntur.
1243 819 1245 822 Α

169 847 387 909 Sufficit
414 864 611 910 tamen
640 856 814 931 Peyer'o
836 848 987 926 quod
1013 849 1076 909 fit
1117 848 1179 907 in
1207 842 1439 910 tantum
1473 848 1616 929 divit

89 928 276 1003 fibilis,
317 947 380 990 ut
411 932 720 992 minimam
744 928 862 1008 ejus
885 946 1109 1011 partem
1130 927 1405 1011 assignare
1428 928 1615 994 horni-

87 1014 151 1071 ni
182 1012 592 1072 difficillimum
620 1014 697 1072 ne
730 1013 922 1073 dicam
960 1009 1306 1091 impoffibile
1334 1013 1411 1072 fit.
1496 1013 1614 1071 Im-

89 1090 289 1155 mensae
306 1091 423 1154 fere
460 1093 856 1155 divifibilitatis
879 1095 1131 1153 materiae
1155 1091 1403 1172 plurima
1421 1111 1613 1152 exem·-

90 1176 188 1256 pla
215 1175 487 1254 producit
515 1173 786 1235 Illustriff.
841 1175 1048 1254 Boylim
1093 1175 1156 1232 in
1205 1172 1482 1235 Traetatu
1531 1180 1612 1234 De

87 1264 226 1316 mira
232 1256 368 1333 ficbti
377 1257 523 1316 litate
544 1261 906 1337 Effluviorum,
932 1258 1049 1316 &Q
1115 1255 1323 1316 Unum
1346 1255 1618 1314 alterum-

88 1355 159 1398 ve
176 1353 402 1398 tantum
427 1337 713 1398 brevitatis
747 1335 914 1396 caus-<i
938 1336 1053 1397 huc
1099 1332 1486 1396 transcribam.

176 1442 225 1480 1.
262 1418 482 1479 Curate
504 1420 567 1479 in
598 1419 735 1499 agili
765 1417 1016 1495 quadam
1054 1417 1277 1478 bilance
1289 1441 1377 1500 gr.
1414 1441 1461 1478 Ι.
1487 1415 1607 1477 Cu-

88 1500 181 1578 pri
212 1519 337 1559 non
373 1501 664 1578 calcinati,
719 1496 810 1559 sed
843 1499 1025 1559 limati
1057 1497 1354 1571 duntaxat,
1394 1516 1609 1578 appen-

89 1580 297 1641 debam
324 1604 343 1661 3
388 1584 449 1640 δε
500 1583 635 1658 quia
684 1581 798 1641 hoc
840 1580 1137 1640 metallum
1191 1581 1498 1660 elegeram,
1535 1598 1609 1641 eo

87 1659 248 1737 quod
308 1663 370 1721 in
423 1659 698 1741 plerisque
745 1660 1046 1721 menstruis
1083 1662 1320 1743 largitur
1354 1663 1611 1727 colorem

88 1743 391 1803 caeruleum
423 1740 674 1804 laturum
701 1740 1206 1824 conspicuumque,
1257 1741 1410 1803 volui
1432 1744 1610 1802 etiam

85 1820 427 1885 solutionem
466 1825 583 1905 ejus
625 1845 895 1906 peragere
923 1826 1131 1885 nonin
1155 1823 1321 1903 Aqua
1337 1822 1494 1899 forti,
1517 1825 1610 1884 vel

90 1903 257 1983 Aqua
287 1907 491 1985 Regia,
527 1904 621 1966 sed
650 1907 863 1987 Spiritu
877 1905 1013 1967 Salis
1034 1904 1409 1967 Ammoniaci
1436 1901 1606 1981 (cum

88 1988 134 2045 is
153 1984 404 2061 urinosus
432 1988 526 2064 fit)
571 2008 675 2068 per
704 1987 816 2047 alia
833 1990 1227 2068 experimenta
1240 2004 1605 2067 compertum

88 2067 320 2144 habenS,
361 2069 544 2129 hocce
591 2067 957 2149 Menstruum
1025 2068 1362 2129 solutionem
1420 2068 1607 2129 multo

86 2151 456 2211 intenliorem
475 2149 646 2228 quam
697 2151 1027 2210 alterutrum
1057 2151 1298 2210 aliorum
1346 2147 1610 2230 suppedi-

87 2248 220 2293 tare.
312 2232 653 2312 Elegantem
681 2232 838 2292 hunc
856 2230 1317 2310 liquoremssujus
1343 2233 1612 2311 insignio*

88 2312 581 2375 remadhibebam
609 2316 862 2394 copiam,
901 2332 963 2373 ut
985 2310 1095 2373 scil.
1134 2333 1310 2374 omne
1335 2314 1603 2392 Cuprum

87 2395 312 2472 penitus
336 2392 744 2468 dissolveretur,
783 2395 903 2455 alto
926 2395 1077 2454 vitro
1104 2395 1430 2474 cylindrico
1466 2414 1608 2470 qua⁶

90 2474 464 2553 ¹dripoliicaris
504 2476 766 2536 diametri
793 2474 1197 2550 immittebam,
1241 2476 1520 2558 gradatim
1549 2479 1607 2540 ei

89 2551 383 2620 affimdens
408 2575 616 2632 aquam
641 2557 996 2632 stillatitiam,
1034 2558 1210 2634 (aquae
1254 2558 1555 2619 communi
1585 2604 1601 2630 ,

90 2635 466 2697 incommoda
492 2634 757 2698 salsedine
783 2635 975 2717 saepius
999 2637 1285 2711 instructa,
1317 2636 1503 2699 multo
1522 2638 1603 2699 est

88 2719 279 2798 aptior
301 2720 331 2791 )
371 2718 561 2779 donec
583 2721 801 2780 vitrum
830 2718 948 2780 fere
984 2718 1405 2800 implevissem)
1447 2720 1604 2779 colo-

87 2804 323 2879 remque
369 2800 639 2860 nonnihil
691 2799 970 2880 pallidum
999 2846 1016 2874 ,
1056 2821 1180 2862 non
1224 2818 1418 2860 tamen
1461 2801 1601 2860 adeo
1666 2830 1670 2832 ἡ

85 2881 337 2941 dilutum
386 2898 448 2940 ut
490 2879 808 2942 manifestus
848 2901 969 2943 non
1016 2880 1153 2942 effet
1195 2881 1603 2962 ‘conspicerem

89 2963 249 3021 Tum
265 2962 548 3039 liquorem
568 2963 721 3035 hunc
750 2967 903 3024 vitro
949 2965 1160 3025 conico
1183 2963 1555 3024 infundebam
1583 3010 1604 3037 ‚

87 3059 152 3101 ut
179 3043 246 3101 eb
273 3042 408 3104 esset
426 3043 646 3113 facilius
663 3095 682 3120 ,
710 3063 804 3105 vas
833 3045 972 3105 illud
1016 3046 1312 3122 aliquoties
1355 3045 1427 3103 ad
1473 3063 1606 3103 ean-

89 3122 227 3208 dem
257 3124 616 3209 altitudinem
640 3127 902 3207 implere.
984 3126 1099 3201 Vas
1114 3126 1228 3208 hoc
1246 3127 1511 3200 conicum
1535 3125 1609 3184 ad

1488 3225 1609 3267 cero

1731 87 1836 170 2⁷
