1983 3428
94 81 269 162 „30

643 35 762 110 De
797 31 1240 111 Animalibm·
1275 42 1351 109 in
1370 48 1632 139 genera

469 191 513 250 3.
554 169 740 226 Canes
769 166 1021 243 illiquos
1082 168 1395 245 Hispaniolos
1430 183 1695 225 vocamus
1714 179 1716 181 ’
1735 163 1912 245 Angl.

386 253 534 311 mira
560 246 862 327 sagacitate
891 247 1135 307 odoratu
1163 244 1260 306 suo
1302 245 1661 326 distinguere.
1692 251 1908 307 norunt

382 334 512 392 loca
539 330 638 389 ina
676 349 807 404 ›quae-
861 327 890 385 ὲ
922 326 1248 388 Perdicibus
1273 372 1296 404 ‚
1343 328 1768 401 Coturnicibu‘S,
1798 324 1913 391 &a

385 431 573 493 nuper
594 405 790 470 insessa
818 406 988 469 fuere.
1070 407 1150 469 At
1199 426 1308 487 ego
1348 407 1510 468 valde
1553 411 1789 469 miratus
1825 407 1912 468 fui

386 489 1065 555 acerrimum··-odoratum
1123 491 1351 568 insignis
1394 486 1680 565 cujusdam
1734 492 1912 551 Canis

384 575 694 636 infidiantis
731 570 938 647 (quod
991 589 1162 652 genus
1209 570 1387 650 Angli
1436 588 1648 630 vocant
1707 577 1912 651 Setting

389 658 586 736 Dogs)
627 653 729 731 qui
767 648 864 712 filo
916 651 1443 713 circumcurfitandi
1486 673 1649 732 agros
1699 669 1864 711 more
1892 696 1914 724 ,

389 735 611 811 aliiique
640 732 910 806 motibuS,
954 735 1142 814 capite
1174 729 1477 812 praesertim
1500 734 1760 812 peractiS,
1792 751 1914 794 non

389 817 565 878 modo
586 815 750 875 nobis
772 814 1059 875 indicabat
1085 811 1335 893 speciem
1369 813 1614 886 Aluum,
1667 834 1913 890 quorum

394 900 636 958 odorem
658 891 976 956 offenderat
1004 944 1026 971 ,
1061 891 1155 955 {ed
1197 898 1258 953 δε
1295 895 1485 955 locum
1524 895 1623 954 ubi
1655 895 1916 956 Perdices

395 996 529 1040 ante
549 979 769 1055 aliquot
791 976 954 1040 horas
993 978 1021 1047 (
1046 976 1303 1053 quamvis
1336 974 1481 1036 forte
1505 979 1619 1034 fine
1659 975 1773 1044 ulla
1790 995 1916 1035 mo-

384 1062 506 1136 ra)
545 1055 880 1131 insederant,
923 1054 1130 1136 nosque
1152 1059 1216 1116 in
1260 1055 1647 1133 conjectando
1677 1103 1696 1130 ‚
1737 1076 1916 1134 quan-

388 1140 489 1200 diu
538 1158 671 1200 ante
697 1138 1006 1200 adventum
1044 1137 1302 1200 nostrum
1344 1142 1725 1212 avolaverant,
1767 1135 1918 1213 juva-

394 1223 509 1283 bat.

474 1303 581 1362 Vir
601 1293 839 1379 quidam
871 1292 1184 1379 generosuS,
1225 1296 1385 1358 valde
1408 1301 1590 1377 gravis
1617 1301 1681 1358 δε
1715 1298 1915 1358 mode-

396 1381 537 1458 stus,
584 1381 840 1458 mihique
884 1379 1174 1440 familiaris
1203 1423 1217 1448 ‚
1260 1381 1361 1456 qui
1389 1377 1529 1459 saepe
1576 1399 1740 1439 canes
1791 1379 1918 1440 illos

391 1461 610 1544 sagaces
651 1463 795 1540 (qui
825 1460 1026 1542 Anglis
1074 1460 1451 1521 Blood-hounds
1475 1462 1778 1536 dicuntur)
1821 1462 1924 1520 ad-

393 1544 555 1607 hibet
578 1593 597 1619 ,
638 1543 791 1623 apud
841 1561 936 1603 me
990 1537 1214 1601 asseruit
1244 1591 1263 1615 ,
1322 1540 1480 1618 quod
1523 1543 1684 1619 siquis
1733 1541 1918 1602 homo

396 1626 713 1686 transiverit
755 1624 932 1683 modo
978 1642 1179 1703 agrum
1216 1623 1481 1698 aliquem,
1523 1625 1764 1683 odorem
1807 1621 1920 1698 ejus

393 1705 474 1768 ita
515 1703 792 1766 haesurum
834 1721 1011 1779 terrae,
1051 1720 1114 1762 ut
1164 1702 1235 1762 ab
1265 1699 1539 1781 ejusmodi
1589 1721 1733 1763 cane
1782 1703 1914 1782 post

393 1788 612 1865 aliquot
641 1787 712 1846 ab
760 1785 1013 1845 hominis
1041 1783 1186 1843 illius
1224 1802 1555 1844 commeatu
1595 1785 1755 1844 horas
1790 1803 1920 1864 per-

393 1869 519 1947 cipi
548 1883 738 1945 queat.
812 1865 1052 1941 Adhaec,
1089 1861 1254 1924 solers
1294 1865 1528 1943 quidam
1572 1883 1809 1927 venator
1862 1886 1919 1925 a·

396 1949 518 2029 pud
546 1968 642 2009 me
671 1944 1036 2021 asseveravit,
1076 1943 1379 2006 observasse
1410 1944 1482 2020 se,
1524 1947 1674 2005 Ferae
1719 1947 1782 2007 in
1828 1944 1917 2005 fu-

395 2049 531 2108 gam
561 2032 623 2088 &
659 2029 910 2089 calorem
937 2030 1074 2088 actae
1131 2027 1376 2088 odorem
1401 2027 1746 2104 quandoque
1785 2028 1922 2087 inde

401 2110 476 2171 ab
501 2130 616 2169 una
645 2109 739 2170 die
759 2111 824 2170 in
843 2109 1177 2189 proximum
1197 2104 1312 2166 solo
1357 2105 1641 2166 haesuram.

469 2191 605 2264 Jam
634 2189 771 2250 vero
799 2193 940 2251 cum
965 2186 1274 2249 substantia
1311 2189 1374 2248 in
1397 2191 1655 2268 gramine
1683 2187 1772 2247 vel
1796 2183 1921 2247 solo

396 2271 594 2330 relicta
645 2270 675 2331 ὲ
722 2267 1038 2331 transcursu
1081 2269 1334 2329 Perdicis
1358 2316 1374 2342 ,
1418 2271 1675 2346 Leporis,
1717 2265 1923 2329 aliusve

397 2350 702 2425 Animalis,
746 2352 855 2412 hac
887 2351 1018 2410 illac
1049 2347 1329 2413 duntaitat
1357 2352 1570 2425 itantiS,
1610 2350 1919 2430 probabili-

399 2449 490 2492 ter
542 2433 800 2510 quaedam
853 2432 1130 2492 duntaxat
1182 2449 1254 2492 ex
1286 2430 1542 2490 Effiuviis
1572 2476 1589 2502 ,
1628 2432 1660 2490 ἐ
1689 2429 1924 2509 pedibus

399 2514 569 2591 ipfius
590 2508 816 2587 emisfis‚
865 2512 1116 2593 gramini
1143 2508 1333 2573 solove
1354 2512 1753 2572 communicat
1769 2530 1923 2588 3quae

400 2590 540 2653 cum
582 2591 706 2653 fitis
734 2593 905 2654 exilia
935 2596 1082 2666 sint,
1123 2592 1359 2651 utvvisus
1417 2597 1603 2653 aciem
1650 2590 1873 2671 fugiant
1903 2637 1925 2665 ,

402 2671 551 2734 forte
568 2694 691 2734 non
719 2693 903 2735 unum
931 2672 1192 2754 pondere
1237 2693 1479 2754 granum
1501 2720 1519 2746 ,
1560 2675 1822 2750 quinimo
1848 2672 1925 2732 ne

400 2753 689 2815 decimam
761 2754 998 2832 quidem
1079 2753 1222 2816 iliius
1301 2773 1526 2832 partem
1575 2753 1880 2813 conficiant
1907 2775 1923 2813 :

384 2835 647 2909 *cumque
667 2832 1062 2916 Atmosphaera
1091 2837 1253 2895 unius
1287 2854 1358 2895 ex
1393 2837 1578 2916 parvis
1600 2833 1714 2895 istis
1745 2851 1926 2893 mate-

402 2915 496 2974 riae
523 2914 663 2975 iuius
689 2918 997 2995 expirantis
1018 2917 1388 2994 portiunculis
1429 2916 1594 2975 valde
1615 2915 1805 2993 ampla
1833 2909 1923 2973 sae-

401 2995 530 3074 pius
558 2992 668 3057 effe
698 2994 886 3076 poffit,
934 2999 974 3057 fi
996 3016 1129 3057 cum
1159 3015 1404 3076 corpore
1447 2996 1752 3056 emittente
1792 3014 1924 3055 eam

405 3074 656 3138 conferas
673 3119 693 3152 ,
733 3092 796 3138 ut
841 3087 918 3141 ex
947 3096 1019 3142 ea
1055 3073 1342 3156 conjicere
1383 3074 1463 3138 est
1505 3075 1766 3138 distantia
1790 3120 1808 3146 ,
1849 3075 1924 3135 ad

1745 3175 1921 3236 quam
