1968 3428
141 61 456 172 Synopsis
497 57 917 140 Animalium
949 57 1509 165 Qadrupednm.

165 194 454 273 Serpentes
491 194 697 253 veneni
741 190 989 269 respectu
1040 191 1222 251 dividi
1261 187 1488 267 possunt
1527 191 1589 251 in

86 279 262 335 ὶοζὸλες
284 272 374 336 stu
398 291 692 346 venenatos,
734 275 833 351 qui
880 273 1073 332 dentes
1118 288 1335 332 exertos
1362 271 1593 345 habent,

84 355 306 434 longos,
348 356 624 424 incurvos,
657 370 865 428 acut05‚
903 355 962 412 in
990 348 1267 430 superiore
1298 351 1591 412 mandibu0

84 437 159 510 la,
200 437 400 514 quibus
432 434 749 495 mordendo
789 435 985 495 vulnus
1027 435 1286 512 infligunt
1322 436 1384 492 δε
1423 452 1593 492 vene-

86 514 286 578 nosum
313 519 590 594 liquorem
612 515 876 576 instillant
905 536 925 593 3
966 519 1277 577 &innoxios
1314 517 1415 593 qui
1453 516 1593 575 den·

89 597 231 659 tibus
259 598 363 658 illis
395 601 457 658 &
483 616 706 657 veneno
733 614 941 657 carent.

92 694 95 697 ’
168 678 569 741 Generationis
607 678 778 737 etiam
802 672 1047 754 resped'tu
1070 672 1503 755 dividipossunt
1529 679 1592 736 in

87 765 357 841 Viviparos
388 761 488 838 qui
544 758 697 817 vivos
736 756 896 817 foetus
932 761 994 818 in
1044 756 1234 817 lucem
1288 757 1484 830 edunt,
1527 759 1593 815 δε

87 846 363 919 Oviparos,
430 840 529 935 qui
572 858 814 898 ovorum
865 855 1144 899 catenam.
1228 839 1357 897 Nec
1401 858 1595 899 tamen

85 940 293 1000 magna
343 919 423 980 est
483 923 594 979 hoc
645 919 889 998 respec‘tu
925 921 1076 979 inter
1108 916 1385 997 serpentes
1434 915 1596 978 diffe-

87 1005 282 1063 rentia.
361 1002 695 1078 Utrumque
745 1001 960 1061 etenim
983 1020 1154 1078 genus
1193 1017 1387 1060 revera
1411 1003 1596 1079 ovipa-

85 1102 210 1143 rum
236 1083 316 1144 est
347 1105 366 1162 3
410 1084 544 1142 Hoc
568 1086 783 1141 tantum
811 1102 920 1141 ova
951 1101 1077 1160 quae
1126 1082 1276 1141 intus
1326 1083 1593 1158 concepit

85 1184 326 1224 ovorum
356 1159 544 1222 form-3.
565 1162 731 1239 parit,
772 1167 834 1223 δε
861 1164 925 1221 in
964 1164 1222 1222 fimetum
1251 1161 1491 1222 aliumve
1510 1164 1595 1220 lo*

86 1265 219 1305 cum
270 1246 516 1305 calidum
558 1245 815 1321 deponit,
857 1243 956 1302 ubi
997 1243 1188 1303 calore
1231 1242 1318 1302 vel
1341 1243 1454 1303 loci
1504 1244 1593 1303 vel

86 1326 207 1389 solis
243 1325 359 1386 fora
405 1326 606 1385 foetum
665 1326 936 1402 paulatim
987 1324 1284 1403 perficiunt
1325 1325 1597 1384 &exclu-

88 1410 232 1470 dunt
256 1430 272 1483 ;
316 1408 450 1467 illud
481 1426 653 1466 ovum
679 1409 824 1467 intus
848 1409 908 1466 in
937 1423 1100 1465 utero
1121 1404 1291 1474 fovet,
1316 1409 1375 1465 δε
1400 1404 1597 1464 foetum

91 1490 378 1550 excludit:
441 1487 927 1565 quemadmodum
982 1483 1155 1547 Pisces
1226 1487 1599 1564 Cartilaginei

94 1575 299 1648 Σελάχη
352 1568 639 1628 Aristoteli
691 1570 853 1644 ditsti,
893 1587 1014 1646 quae
1037 1567 1126 1625 ’ἔσω
1161 1571 1246 1640 μὴ)
1278 1571 1456 1626 doram
1486 1564 1597 1627 effe

95 1653 174 1710 ait
209 1651 294 1723 ἔξω
315 1655 367 1708 ‘n'
392 1653 618 1728 ζωοτὸκοι.

83 1879 96 1895 l
174 1808 410 1888 Vipera,
454 1817 665 1893 AViper
692 1830 757 1870 or
790 1809 978 1871 Adder.
1057 1809 1601 1890 MasGraecis²'E>31§‚

94 1891 338 1952 Faemina
378 1895 603 1972 ’Έχιῶηι
630 1892 875 1952 dicitur.
954 1893 1338 1971 Longitudine
1385 1891 1462 1953 est
1497 1897 1605 1971 ple-

92 1991 313 2049 runque
328 1976 579 2047 cubitali,
599 1975 882 2034 interdum
910 1971 1136 2049 majore.
1182 1975 1362 2034 Color
1384 1971 1588 2053 supinae

93 2056 256 2131 partis
276 2075 348 2114 ex
380 2057 520 2114 flavo
551 2055 749 2133 pallide
778 2053 1085 2130 rubescens,
1106 2058 1166 2115 in
1202 2055 1447 2115 foeminis
1478 2056 1592 2135 ple-

97 2154 315 2211 runque
344 2136 608 2198 albicans,
685 2136 752 2195 In
802 2137 992 2197 medio
1030 2133 1195 2196 dorso
1221 2138 1367 2197 linea
1420 2137 1594 2215 nigri-

97 2233 230 2273 cans
260 2208 520 2294 utrinque
571 2219 818 2287 dentata,
884 2215 973 2276 seu
998 2235 1194 2279 catena
1238 2220 1586 2279 macularum

98 2296 464 2358 rhomboifflv
509 2295 946 2376 nigricantuma
991 2302 1174 2376 capite
1235 2301 1307 2359 ad
1346 2299 1591 2360 caudam

99 2393 411 2438 extremam
467 2400 563 2459 per
615 2397 792 2439 totam
849 2379 1261 2456 longitudinem
1342 2381 1592 2441 extendi-

97 2472 200 2515 tur.
297 2460 472 2520 Paule>
529 2458 755 2521 inferius
819 2459 880 2519 in
935 2461 1197 2521 lateribus
1275 2463 1421 2522 ordo
1485 2482 1598 2522 ma·

96 2537 352 2600 cularum
387 2542 804 2619 nigricantium.
858 2540 952 2601 ,In
978 2536 1235 2603 lateribus
1261 2543 1384 2603 imis
1421 2544 1596 2601 utrin-

99 2638 215 2695 que
264 2642 307 2679 1.
343 2623 519 2682 Linea
539 2622 571 2682 ὲ
596 2623 824 2682 maculis
853 2624 1030 2699 parvis
1053 2623 1418 2685 albicantibus
1438 2643 1598 2683 com-

98 2704 311 2779 posita5
354 2705 462 2763 alia
491 2705 695 2763 deinde
725 2707 755 2758 ὲ
782 2705 951 2780 nigris
1002 2701 1324 2781 majoribus,
1365 2705 1600 2765 tandem

101 2786 264 2842 tertia
310 2802 379 2842 ex
436 2785 819 2844 albicantibus·
898 2783 1111 2845 Venter
1160 2780 1392 2864 squamis
1433 2784 1600 2845 trans-

100 2867 257 2923 versis
300 2866 473 2941 longis
505 2866 674 2941 nigris
710 2867 923 2941 tegitur.
1007 2863 1224 2927 Verum
1275 2866 1490 2926 colores
1539 2867 1601 2926 hi

101 2963 218 3003 non
264 2941 383 3004 sunt
417 2949 668 3023 perpetui
701 2948 760 3003 in
794 2945 1054 3006 omnibus
1078 2946 1320 3027 Viperis3
1365 2948 1605 3007 vidimus

101 3029 253 3085 enim
280 3024 475 3105 supina
498 3045 649 3104 parte
678 3044 795 3085 tota
838 3028 1218 3099 nigricantem
1254 3024 1456 3106 absque
1487 3026 1611 3086 ullis

107 3107 301 3168 diversi
347 3110 545 3169 coloris
567 3109 809 3170 maculis.
887 3106 1190 3188 Qantum
1219 3129 1407 3175 tamen
1429 3112 1608 3172 haste·

1503 3213 1604 3256 nus

1645 68 1810 184 285
