1983 3428
570 28 702 123 De
739 43 1179 127 Animalibm·
1216 55 1292 129 itt
1335 39 1599 155 genere.

349 178 712 254 rudimentum,
739 179 922 261 ficffi'cit
962 181 1148 258 stzltem
1187 182 1268 258 effe
1296 183 1629 263 corporeum)
1678 204 1861 253 revera

355 279 517 322 totum
548 268 686 322 Evae
715 282 880 344 corpus
912 264 1038 322 mole
1052 263 1331 345 fitperitffit.

433 338 761 421 Respondet
785 350 1005 423 Peyerus‚
1042 344 1113 404 Se
1133 346 1350 403 nullam
1375 340 1756 404 neeeffitatem
1778 345 1863 404 vi-

355 421 489 481 dere
515 443 616 482 cur
644 424 776 485 Evae
796 423 1034 483 testiculi
1056 422 1293 501 majores
1331 425 1616 504 fingantur
1640 442 1863 486 caetera-

347 523 483 565 -rum
522 504 820 564 mulierum
860 524 1326 582 quarumcunque
1367 507 1567 566 ovariis
1591 554 1609 580 ,
1649 507 1864 567 etiamst

346 585 760 645 continuerunt
787 585 937 646 ideas
956 590 1016 645 &
1034 588 1321 667 principia
1349 587 1612 646 distinata
1625 587 1864 654 universa

355 665 661 729 hominum
686 668 917 745 generis.
994 667 1233 728 Attenta
1264 668 1424 726 enim
1452 686 1612 731 mens
1648 668 1866 746 cogita-

353 749 510 805 tione
526 742 619 804 sua
643 749 706 806 in
735 749 908 808 unico
937 751 1185 808 materiae
1222 744 1405 808 divisae
1430 769 1611 828 grano
1641 752 1868 807 univer-

351 824 473 886 sum
512 829 816 905 concipere
849 829 1033 909 potest
1062 852 1084 908 v3
1144 832 1420 907 quoniam
1464 832 1599 890 fines
1645 830 1867 889 invenit

355 908 562 980 nullos,
600 910 637 968 fi
658 909 968 981 dividendo
1016 911 1418 990 progreditur:
1459 929 1640 985 neque
1678 926 1869 973 cente-

354 991 580 1049 narium
603 993 1004 1052 extenfionem
1028 992 1187 1058 aliter
1203 993 1504 1070 participat
1525 988 1699 1066 quam
1723 989 1869 1050 scru-

352 1071 470 1147 puli
501 1071 825 1134 minimum.
907 1073 1093 1151 Igitur
1119 1075 1264 1131 ratio
1290 1074 1749 1151 praejudiciorum
1774 1090 1870 1148 ex-

352 1148 466 1212 sors
508 1151 596 1209 vel
649 1152 710 1210 in
751 1151 1110 1231 exiguiffimo
1170 1152 1436 1216 muliebri
1484 1172 1599 1212 ovo
1656 1153 1870 1212 infiniti

354 1233 645 1292 Creatoris
664 1235 1150 1311 omnipotentiam
1208 1233 1564 1294 considerans
1620 1234 1871 1297 immen-

351 1310 476 1372 sum
503 1313 757 1372 idearum
789 1332 1092 1373 numerum
1132 1315 1165 1374 ἐ
1209 1315 1410 1391 quibus
1440 1316 1699 1374 homines
1743 1313 1871 1378 nai?-

353 1412 579 1468 cantur,
620 1392 939 1473 poffibilem
978 1395 1258 1474 intelligit.
1340 1393 1526 1478 Qod
1557 1412 1616 1454 ut
1633 1391 1871 1456 senfibus

354 1493 581 1553 quoque
607 1494 898 1555 appareat,
939 1478 1133 1554 accipe
1167 1472 1353 1552 quaeso
1393 1487 1415 1549 (
1448 1485 1765 1537 Brunnerum
1796 1478 1871 1536 al-

354 1557 654 1633 loquitur)
698 1556 992 1617 mastiches
1020 1558 1324 1637 granulum
1348 1603 1366 1629 ,
1402 1555 1651 1633 illudque
1680 1577 1874 1637 prunae

355 1641 609 1716 impone.
686 1638 934 1698 Effluvia
979 1636 1125 1697 fumi
1160 1634 1344 1716 specie
1386 1636 1689 1697 confertim
1736 1639 1874 1699 inde

354 1718 715 1797 erumpentia
738 1716 997 1780 fateberis
1018 1721 1227 1798 opinor
1249 1715 1361 1777 effe
1394 1737 1671 1796 corporea
1703 1742 1720 1798 3
1747 1738 1875 1798 per-

356 1801 643 1877 cipiuntur
666 1801 822 1858 enim
860 1800 1087 1860 naribus
1121 1799 1191 1858 ad
1216 1819 1350 1875 quas
1370 1800 1678 1879 appellunt.
1766 1800 1875 1860 Sed
1928 1860 1929 1863 ,

357 1899 508 1939 anne
532 1899 597 1940 ea
618 1881 988 1941 numerabis?
1032 1882 1310 1941 Minutias
1340 1880 1605 1958 equidem
1633 1901 1875 1960 compu-

356 1977 476 2020 tare
498 1961 655 2033 ηοΙο,
700 1981 810 2020 nee
849 1965 886 2021 fi
916 1963 1090 2022 velim
1124 1958 1367 2041 poffum.
1445 1960 1567 2021 Sint
1609 1980 1750 2042 ergo
1770 1982 1876 2027 no·

357 2041 474 2103 stro
499 2040 774 2104 sentiendi
802 2044 983 2103 modo
1008 2041 1463 2103 innumerabilia.
1535 2041 1670 2116 Jam
1702 2043 1875 2102 exha÷

353 2122 629 2182 lationum
663 2125 945 2201 particulae
977 2124 1197 2204 fingulae
1219 2168 1238 2196 ,
1278 2117 1415 2185 cum¹
1457 2121 1670 2197 oleant,
1711 2121 1876 2187 erunt

349 2221 424 2274 ,ex
452 2204 747 2264 elementis
766 2204 888 2264 aliis
906 2207 1248 2284 compofitae,
1293 2205 1330 2262 fi
1375 2199 1733 2282 pbilosophis
1754 2205 1877 2265 vul-

357 2283 580 2362 garibus
623 2285 833 2358 credi5‚
878 2306 946 2345 ac
999 2284 1246 2365 proinde
1286 2277 1465 2349 rursus
1517 2283 1873 2351 diffolubileS.

357 2364 535 2444 Qiod
568 2368 604 2425 s1
633 2365 864 2427 tandem
893 2368 956 2427 in
984 2365 1206 2426 tantillo
1224 2363 1522 2424 masticbes
1548 2383 1732 2444 grano
1756 2380 1877 2426 tarn

357 2445 574 2505 vastam
591 2444 757 2505 sentis
773 2449 1178 2526 particularum
1201 2447 1552 2525 congeriem,
1599 2466 1768 2511 eccur
1814 2448 1878 2511 in

359 2546 474 2585 ovo
502 2525 807 2595 foeminino
835 2528 1090 2588 idearum
1121 2528 1412 2587 latentium
1437 2529 1877 2595 immensitatem

362 2607 661 2666 admittere
681 2608 988 2669 detreEtas?
1010 2605 1244 2669 Putasne
1255 2607 1539 2667 difficilius
1567 2605 1727 2677 fiiiffe
1741 2607 1877 2667 Deo

361 2688 496 2746 tales
521 2688 877 2750 Animalium
907 2690 1055 2751 ideas
1082 2689 1330 2750 condere
1356 2733 1373 2761 ,
1430 2708 1552 2766 quae
1591 2708 1695 2769 per
1735 2708 1879 2748 con-

361 2767 564 2829 stantes
587 2770 976 2831 evolutionum
1007 2773 1174 2842 viceS,
1215 2786 1276 2828 re
1319 2768 1587 2835 hortante
1610 2813 1628 2844 ‚
1668 2765 1877 2828 excress

362 2865 499 2908 cant
522 2851 582 2909 in
602 2849 784 2924 foetus,
822 2851 995 2928 quam
1037 2854 1098 2911 in
1153 2849 1425 2914 frumenti
1478 2867 1656 2929 grano
1701 2849 1876 2917 innu-

364 2948 545 2988 meras
567 2928 757 2991 creare
781 2931 969 2992 farinae
1007 2951 1242 2994 atomos,
1323 2932 1613 2993 Hastenus
1655 2934 1877 3009 Peye-rus.

364 3011 680 3075 Fatendum
704 3009 832 3072 sane
875 3018 1171 3077 materiam
1203 3011 1549 3071 incredibilis
1589 3010 1878 3079 divisionis

365 3109 631 3170 capacem
659 3090 770 3153 effe
788 3116 807 3172 ς
851 3111 907 3154 at
930 3095 1066 3158 vero
1099 3096 1159 3155 in
1192 3107 1372 3172 partes
1417 3091 1664 3165 infinitas
1690 3089 1878 3231 (ἐίᾗὶτὶίῑψ

1740 3193 1761 3231 1
1784 3185 1880 3242 em
