1968 3428
139 106 304 187 270

446 71 764 180 Synopsis
807 72 1235 153 Animalium
1280 76 1842 181 Qadrnpednm.

367 202 544 262 edunt
576 203 935 264 horrendum
956 202 988 263 ὲ
1021 201 1258 283 rupibus
1283 204 1413 262 imis
1431 205 1492 262 &
1521 222 1901 271 cavernarum

364 283 554 344 fundis
584 285 682 345 ubi
723 282 1077 345 delitescunt.
1165 285 1347 345 Sonus
1398 304 1575 361 quern
1624 287 1899 365 reddunt,

363 366 539 446 longe
566 367 964 427 vehementior
994 363 1075 425 est
1096 367 1157 424 δε
1185 367 1464 443 ingratior
1492 386 1767 427 ranarum
1796 387 1896 430 aut

363 447 656 508 Bufonum
688 449 1046 509 coaxatione.
1126 444 1428 508 Rariffime
1464 465 1781 527 prorepunt
1829 454 1896 511 δε

360 527 417 589 st,
452 528 890 610 conspiciendos
964 527 1222 609 praebent
1275 529 1378 589 nisi
1438 527 1538 589 sub
1585 528 1897 610 vesperam.

365 609 549 691 Quod
602 615 640 672 fi
676 611 749 670 de
778 611 873 671 die
904 627 1233 685 occurrant,
1275 630 1481 670 eorum
1521 627 1711 670 motus
1755 632 1897 689 qua-

361 693 479 751 lem
502 692 750 752 diximus
781 709 1062 753 terrorem
1097 711 1221 752 non
1246 692 1545 753 modicum
1569 692 1895 755 videntibus

365 775 596 832 incutit.

437 854 712 915 Tandem
759 857 822 912 δε
883 848 1097 913 sextam
1150 850 1479 933 superaddit
1535 854 1891 917 lacertorum

356 931 631 1015 speciem,
675 937 739 995 in
787 935 926 995 locis
967 932 1304 1016 palustribus
1350 956 1472 995 non
1519 936 1647 996 raro
1692 940 1892 999 inven-

361 1033 505 1092 tam,
551 1019 692 1077 dum
732 1035 945 1076 terram
983 1033 1189 1076 cavant
1245 1016 1272 1076 ὲ
1308 1034 1621 1096 puteorum
1655 1022 1716 1076 δε
1753 1039 1894 1080 con-

365 1101 803 1178 ceptaculorum
835 1118 992 1175 aquae
1041 1095 1362 1170 fofforibu5‚
1411 1094 1637 1177 aspectu
1668 1116 1892 1161 trucem

362 1183 427 1238 &
452 1179 896 1241 formidabilem.
976 1178 1207 1258 Septem
1234 1181 1465 1239 circiter
1483 1178 1722 1257 pollices
1735 1181 1895 1263 longi

360 1258 504 1322 sunt.
583 1259 840 1321 Dorsum
864 1262 1039 1339 nigris
1060 1257 1368 1338 squamulis
1397 1264 1627 1340 tegitur,
1675 1262 1894 1339 aliquot

357 1344 536 1403 etiam
559 1339 746 1422 griseis
770 1345 917 1401 inter
946 1343 1135 1419 nigras
1155 1339 1546 1416 diffeminatiS,
1579 1361 1704 1419 quae
1747 1343 1904 1405 ade&

361 1424 660 1497 relucent,
733 1439 796 1483 ut
849 1425 980 1484 oieo
1025 1425 1273 1483 inunctae
1333 1424 1652 1484 videantur.
1741 1424 1896 1487 Ven-

362 1522 447 1564 ter
473 1508 619 1566 imus
649 1525 772 1565 non
822 1505 1008 1565 minus
1043 1504 1222 1581 quam
1272 1502 1526 1579 dorsum,
1571 1501 1892 1581 squamosus

355 1587 482 1648 est:
525 1589 689 1647 Cutis
726 1605 922 1647 tamen
960 1587 1155 1646 colore
1188 1584 1268 1645 est
1303 1588 1602 1645 flavicante
1631 1584 1725 1647 seu
1769 1589 1894 1668 pal·

355 1668 494 1728 lido,
575 1672 773 1747 Caput
809 1686 1055 1749 parvum
1107 1672 1169 1727 &
1232 1670 1630 1729 acuminatum
1655 1692 1675 1748 3
1719 1689 1781 1729 os
1827 1673 1889 1730 in

356 1745 487 1809 satis
509 1751 768 1830 amplam
794 1765 1123 1830 aperturam
1145 1746 1354 1822 fiffum,
1397 1749 1650 1828 pluribus
1701 1750 1891 1810 denti·-

354 1831 454 1889 bus
493 1828 668 1908 iisque
724 1829 1051 1892 acutiffimis
1104 1846 1408 1891 armatum.
1492 1831 1677 1889 Oculi
1709 1834 1891 1909 parvi,

355 1911 550 1971 lucem
575 1929 773 1972 tamen
796 1911 1062 1972 diurnam
1093 1912 1237 1971 ferre
1258 1932 1380 1972 non
1408 1909 1887 1990 poffunt.Q1am-

358 1995 619 2072 primurn
648 1995 807 2054 enim
829 1995 951 2073 quis
979 2012 1076 2055 eos
1115 1994 1148 2054 ὲ
1179 2008 1328 2052 terra
1355 1992 1624 2063 extrahit,
1676 2011 1890 2052 conan-

361 2094 455 2134 tur
479 2076 639 2135 illico
670 2075 906 2154 pedibus
943 2072 1050 2135 suis
1103 2075 1389 2151 (quorum
1438 2067 1816 2149 unusquisque
1859 2093 1887 2151 5

360 2156 642 2235 unguibus
691 2156 846 2216 duris
897 2158 959 2214 ὅτ,
983 2156 1234 2215 incurvis
1255 2153 1585 2227 instruitur)
1625 2152 1891 2215 foramen

350 2235 604 2298 effodere
619 2238 939 2316 Talparum
964 2256 1149 2308 more,
1183 2234 1348 2313 ieque
1376 2236 1584 2292 iterum
1615 2230 1714 2294 sub
1736 2250 1887 2296 terra

353 2319 626 2391 condere,
667 2319 950 2378 cuniculis
1003 2316 1162 2376 factis
1197 2319 1313 2396 quo
1355 2315 1559 2373 volunt
1583 2316 1740 2375 viam
1790 2316 1892 2377 fibi

356 2399 639 2461 faciente&
721 2401 942 2462 Hortos
985 2399 1194 2458 mirum
1241 2399 1303 2457 in
1364 2395 1602 2457 modum
1647 2395 1890 2473 vastant,

362 2482 663 2543 Arborum
694 2485 756 2540 ὅτ,
782 2480 1091 2541 herbarum
1124 2479 1342 2538 radices
1368 2477 1684 2537 erodentes,
1775 2479 1893 2538 Eo-

364 2585 497 2623 rum
540 2559 752 2623 morsus
802 2582 927 2623 non
975 2556 1164 2620 minus
1192 2555 1502 2619 venenosus
1542 2561 1603 2615 δε
1651 2559 1892 2619 nocivus

360 2644 605 2705 habetur
646 2639 1273 2724 quamperniciofiffimi
1304 2639 1603 2719 Serpentis,

451 2813 575 2866 LA
603 2807 998 2867 CERTUS
1058 2806 1494 2864 INDICUS
1537 2796 1891 2863 ClusExot.

370 2885 592 2946 Worm.
629 2882 779 2946 Mus
792 2907 846 2964 p.
874 2905 999 2967 313.
1048 2884 1330 2966 Bugelugey
1359 2884 1431 2942 R.
1453 2883 1503 2942 S.
1535 2879 1683 2942 Mus
1722 2880 1890 2959 Qla-

370 2967 699 3027 tuor-ferme
732 2966 944 3046 pedum
974 2968 1222 3026 Roman.
1264 2963 1625 3043 longitudine
1668 2977 1806 3032 erat,
1851 2981 1888 3034 9

369 3068 503 3108 unc.
542 3047 778 3108 ambitu.
859 3047 1085 3126 Capitis
1106 3049 1168 3105 &
1202 3046 1338 3105 colii
1375 3043 1682 3123 longitudo
1714 3037 1890 3115 usque

370 3131 441 3191 ad
472 3130 782 3193 anteriores
811 3127 1002 3209 pedeS,
1046 3132 1080 3190 8
1136 3125 1318 3187 ferme
1349 3142 1481 3186 unc.
1535 3122 1722 3184 trunci
1759 3141 1888 3212 cor-

1722 3221 1879 3282 pons
