1968 3428
139 79 450 191 Synopfis
489 80 910 163 Animalinm
944 82 1501 190 Qadrnpedum.

161 213 343 294 Qod
371 214 442 276 ad
500 216 913 295 longitudinem
941 222 1001 278 δε
1043 219 1420 295 capacitatem
1449 221 1589 280 inte=

78 292 209 354 affini
261 297 408 365 caeci,
447 292 672 373 ejusque
720 300 1087 375 appendicem
1113 345 1133 371 ,
1193 317 1310 357 non
1351 299 1589 363 multum

81 372 271 437 differt
295 375 499 436 Castor
528 377 557 435 ὲ
577 378 796 456 reliquis
820 377 978 453 hujus
998 378 1228 457 generis,

161 455 285 536 Qui
312 458 686 518 ventriculum
730 455 1103 520 d-iffecuerunt
1148 457 1290 519 nihil
1328 460 1474 519 intus
1501 460 1589 520 in-

83 552 355 599 venerunt
390 555 585 615 praeter
632 537 909 614 segmenta
939 560 1010 599 ex
1036 537 1334 599 corticibus
1363 542 1423 598 &
1453 541 1589 600 radi-

83 617 235 679 cibus
255 619 517 680 arborum
539 642 564 697 3
613 616 838 696 piscium
878 621 966 678 vel
997 639 1329 680 cancrorum
1368 617 1439 678 ne
1484 622 1587 679 mi-

80 703 304 761 nimum
348 700 581 777 quidem
631 698 948 776 vestigium,
987 720 1094 760 nec
1121 717 1387 760 contenta
1414 698 1587 778 piscu-

82 775 219 841 lenti
245 781 536 859 quidpiam
556 779 895 854 redolebant,
933 782 1066 840 utin
1101 788 1284 840 Lutra.

160 864 441 920 Foramen
463 861 623 920 ovale
648 862 706 921 in
739 861 998 921 omnibus
1025 860 1282 921 clausum.

160 940 316 1001 Mira
337 938 458 1002 sunt
487 960 610 1019 quae
633 939 882 1002 feru-ntur
930 942 1002 1004 de
1030 942 1260 1021 ingenio
1282 944 1342 1000 Sc
1372 934 1588 1003 solertia

81 1022 287 1083 horum
326 1022 694 1092 Animalium,
733 1020 889 1100 quod
917 1023 1116 1083 domos
1144 1022 1237 1082 fibi
1263 1019 1588 1082 construant

80 1102 228 1163 inter
273 1122 475 1163 omnes
514 1104 817 1179 convenit;
883 1099 1077 1181 easque
1119 1104 1293 1164 etiam
1347 1101 1587 1178 plurium

82 1185 576 1262 contignat-ionum
607 1183 968 1244 bicameratas
1007 1187 1464 1245 &tricameratas
1495 1183 1589 1245 Ai-

82 1265 259 1326 berto.

165 1344 419 1406 Castores
450 1344 586 1404 olim
624 1342 925 1404 Britannia:
965 1345 1179 1405 nativos
1218 1338 1371 1402 fuiffe
1410 1343 1587 1403 litera-

83 1447 210 1487 rum
268 1428 644 1487 monumentis
683 1425 910 1487 constat.
987 1421 1446 1504 Ingeniofiffimus
1485 1424 1590 1499 vir,

78 1512 147 1568 ἃ
171 1510 376 1568 amicus
417 1505 603 1566 noster
646 1507 918 1584 fingularis
965 1509 1039 1566 D.
1064 1505 1358 1567 Edwardus
1387 1504 1592 1585 Lhwyd

81 1589 308 1650 Giraldi
341 1587 682 1647 Cambrenfis
702 1586 1024 1647 testimonio
1055 1588 1113 1646 id
1133 1587 1449 1656 confirmat,
1484 1589 1585 1664 qui

84 1675 335 1729 Itinerariz‘
365 1670 642 1743 Cambriae,
669 1668 838 1728 liba..
867 1687 986 1744 cap.
1018 1687 1060 1746 3.
1083 1669 1177 1742 ait,
1218 1668 1372 1726 Teivi
1404 1662 1585 1728 solum

76 1749 365 1810 ‹Cambriae
385 1751 616 1810 fiuvium
638 1745 796 1809 fuisse
817 1750 912 1826 qui
940 1746 1028 1808 sua
1051 1766 1206 1809 aetate
1224 1747 1482 1807 Castores
1500 1767 1584 1807 re·

1 1866 4 1867 ν
82 1830 273 1904 tinuit,
314 1830 578 1909 additque
606 1832 665 1890 in
700 1831 872 1891 unico
897 1825 1118 1890 tantum
1166 1833 1257 1905 (ut
1277 1828 1582 1901 ferebatur)

82 1913 279 1972 Scotiae
310 1912 536 1972 flumine
588 1930 785 1971 eorum
839 1930 1006 1989 genus
1049 1909 1308 1986 jamtum
1343 1905 1581 1986 superfu-

79 1988 194 2051 iffe.
274 1990 481 2052 Verum
532 1991 773 2069 (inquit)
813 2010 874 2050 ut
896 1991 1154 2052 Castores
1190 1993 1251 2050 in
1307 1991 1583 2050 Cambria

81 2075 217 2133 olim
248 2090 488 2150 repertos
537 2071 694 2133 fuiffe
721 2074 971 2146 credam,
1012 2092 1129 2132 non
1161 2067 1377 2131 tantum
1399 2070 1587 2131 Girai-

83 2155 145 2212 di
190 2154 488 2224 autoritate
519 2155 784 2229 inducor,
831 2151 921 2214 sed
970 2153 1122 2232 quod
1146 2171 1358 2212 nomen
1389 2170 1590 2211 eorum

84 2235 406 2311 antiquum,
450 2237 720 2295 nimirum
772 2234 999 2316 Afange,
1037 2235 1193 2312 quod
1252 2232 1591 2293 vocabuium

87 2321 157 2374 D.
182 2320 377 2373 Davies
421 2317 483 2375 in
512 2316 727 2376 Lexico
756 2313 853 2376 suo
889 2314 1133 2375 Wallico
1163 2315 1373 2374 Fibrum
1416 2314 1590 2373 inter„

90 2411 359 2470 pretatur,
399 2398 583 2456 adhuc
606 2395 845 2476 superfit,
873 2400 933 2455 &
955 2394 984 2453 ὲ
1006 2394 1169 2474 vulgo
1196 2395 1593 2472 frequentetur,

85 2479 338 2550 quamvis
361 2495 514 2536 nunc
535 2478 755 2538 dierum
783 2497 902 2538 non
952 2497 1022 2536 eo
1075 2472 1225 2537 sensu
1253 2476 1588 2551 accipiatur,

84 2552 178 2616 sed
211 2576 310 2631 pro
333 2552 739 2633 phantasmate:
778 2563 839 2619 δε
886 2556 999 2634 ipse
1042 2557 1178 2616 duos
1226 2552 1393 2615 treiire
1437 2556 1589 2616 lacus

84 2639 221 2696 novi
249 2640 346 2714 qui
387 2657 596 2700 nomen
627 2639 769 2718 Lhyn
783 2662 847 2714 yr
878 2637 1077 2719 afcmge‚
1105 2638 1163 2697 id
1188 2636 1292 2710 est,
1326 2634 1474 2697 {acus
1502 2657 1589 2698 ca-

87 2715 252 2777 storei
274 2718 584 2794 praeferunt.
659 2721 895 2781 Nomen
962 2738 1152 2780 autem
1189 2716 1390 2797 Afange
1415 2719 1488 2779 ab
1514 2723 1591 2793 Af,

73 2796 191 2880 ἴση,
232 2798 386 2875 quod
416 2801 641 2859 fluvium
668 2800 1272 2877 fignificat,derivatur.
1321 2797 1323 2801 ’

170 2878 349 2938 Addit
372 2878 589 2955 insuper
613 2880 765 2939 idem
794 2887 863 2939 D.
890 2879 1104 2958 Lhmyd.
1184 2878 1365 2959 Quod
1393 2885 1453 2941 δε
1490 2900 1584 2940 εὰν

88 2959 264 3034 preoli
285 2959 421 3035 quin
462 2959 745 3018 Cambriae
769 2962 941 3020 etiam
985 2960 1176 3020 incolae
1196 2959 1282 3020 {eu
1312 2963 1588 3037 indigenae

87 3039 297 3098 fuerint
329 3086 346 3111 ,
413 3040 562 3115 apud
604 3038 813 3101 Wallos
856 3040 1094 3102 minime
1146 3043 1384 3102 dubium
1440 3040 1587 3104 effer„

85 3116 426 3214 Qinetiam
451 3116 701 3203 suspicari
732 3118 800 3196 stt,
837 3118 1052 3262 Ugum
1091 3124 1265 3185 etiam
1292 3122 1586 3205 quondam

901 3261 906 3266 .
1003 3221 1029 3281 3
1526 3222 1587 3267 tn

1654 112 1812 199 213
