1983 3428
314 45 433 123 De
474 39 914 141 Animalibus
954 50 1027 121 in
1056 71 1347 150 genere.-

153 176 381 238 Deinde
405 192 564 237 extra
585 191 814 235 uterum
839 177 901 235 in
922 175 1067 236 tubis
1088 175 1247 238 foetus
1272 179 1586 258 aliquando

73 262 335 322 inventos
347 256 509 318 fuifl'e
526 252 773 336 superius
791 254 1150 317 ostendimus

163 361 207 419 3.
250 340 384 398 Ova
427 335 518 398 seu
559 335 742 409 foetUS,
779 336 1265 398 Anatomicorum
1319 342 1586 402 omnium

71 416 364 494 consensu,
410 438 511 499 per
552 417 785 494 aliquod
818 433 1042 497 tempus
1099 418 1130 477 ὲ
1182 423 1604 501 conceptione,

73 502 261 578 aliqua
289 502 461 560 etiam
490 499 733 567 durante
757 498 1092 576 gestatione,
1133 501 1353 560 nullam
1381 502 1593 562 habent

73 602 210 641 cum
224 599 387 642 utero
416 579 864 653 connexionem,
902 576 998 639 sed
1029 580 1207 640 libera
1232 584 1293 640 &
1319 577 1499 648 soluta
1528 585 1594 644 in

74 683 147 724 eo
170 659 371 740 jacent.

158 742 280 802 Alii
331 736 563 801 masculi
613 734 840 799 seminis
874 737 1248 800 Animalculo
1300 761 1339 801 s.
1380 739 1598 803 infesto

75 822 314 885 Animal
370 821 754 899 quodcunque
810 822 1098 900 originem
1168 817 1323 882 suam
1388 822 1600 883 debere

73 904 456 975 contendunt,
517 899 721 961 verum
791 917 1047 981 oportet,
1089 903 1375 982 inquiunt,
1420 920 1483 962 ut
1534 904 1598 977 id

74 985 137 1044 in
200 986 478 1044 idoneum
525 982 730 1042 nidum
769 979 863 1041 seu
908 979 1221 1062 hospitium
1264 985 1594 1064 recipiatur,

72 1066 174 1126 ubi
217 1062 403 1125 sedem
453 1063 837 1138 commodam
906 1066 970 1122 &
1022 1063 1361 1123 alimentum
1390 1083 1597 1126 conve-

73 1149 236 1207 niens
286 1147 562 1217 inveniat,
604 1145 733 1204 alias
793 1164 916 1205 non
961 1145 1223 1224 proficiet
1294 1142 1390 1206 sed
1436 1147 1596 1206 brevi

74 1227 376 1306 interibit3
420 1222 739 1301 hujusmodi
802 1240 995 1284 autem
1058 1224 1264 1285 nidum
1309 1245 1430 1288 non
1455 1227 1596 1287 alibi

73 1306 245 1386 quam
294 1311 355 1369 in
418 1306 756 1367 cicatriculae
820 1308 918 1365 ovi
985 1307 1310 1367 meditullio
1357 1326 1594 1385 extare:

74 1390 327 1450 Proinde
398 1408 507 1448 ova
544 1387 814 1449 foeminea
853 1383 1174 1448 neceffaria
1186 1385 1296 1448 effe
1326 1404 1391 1449 ut
1429 1389 1596 1452 nidos

76 1470 418 1533 commodos
441 1472 502 1528 &
534 1467 1009 1530 animalculorum
1030 1470 1406 1548 receptacula.

156 1554 300 1611 Haec
318 1549 554 1628 quidam
597 1553 660 1610 &
686 1549 802 1609 dici
827 1546 985 1628 posse
1029 1549 1314 1625 conced0,
1362 1555 1427 1610 &
1469 1570 1594 1612 non

76 1630 237 1692 facile
266 1630 422 1711 posse
448 1630 650 1690 refelli.
732 1630 1056 1709 Septimum
1102 1630 1362 1692 nostrum
1407 1631 1597 1713 Argu—

78 1730 341 1774 mentum
366 1728 567 1772 contra
596 1712 698 1771 hos
719 1711 875 1788 aeque
902 1731 970 1771 ac
1005 1713 1079 1773 D.
1110 1715 1447 1773 Lewenhoeck
1486 1714 1598 1774 mi-

55 1796 220 1854 litat.
302 1793 552 1866 Deinde,
592 1792 809 1871 Quaero
830 1806 973 1852 num
994 1792 1359 1855 Animalcula
1383 1795 1504 1854 haec
1533 1796 1601 1873 in

80 1877 276 1936 ovaria
303 1879 551 1955 irrepant
580 1878 619 1951 3‘
643 1893 718 1933 an
747 1874 811 1932 in
835 1889 1000 1933 utero
1031 1870 1320 1947 subsistant
1358 1878 1422 1934 ὃς
1474 1895 1596 1936 ma—

79 1973 280 2032 neant,
326 1975 571 2015 ovorum
595 1950 918 2014 descensum
949 1958 1332 2034 expectantes,

162 2038 220 2097 Si
265 2039 436 2117 prius,
478 2037 692 2094 mirum
719 2054 823 2096 cur
859 2055 982 2095 non
1011 2038 1088 2096 'in
1128 2037 1396 2116 viviparis
1445 2035 1598 2114 aeque

81 2137 150 2179 ac
191 2120 256 2179 in
289 2119 535 2197 oviparis
587 2116 770 2175 multa
816 2117 1006 2192 simul,
1064 2116 1185 2178 imo
1242 2118 1441 2178 omnia
1481 2117 1600 2178 una

81 2217 192 2259 ova
208 2198 475 2260 foecunda
516 2197 776 2269 reddant,
823 2199 977 2257 &in
1008 2212 1240 2257 uterum
1256 2197 1597 2270 deturbent:

83 2281 144 2341 Si
186 2280 472 2360 posterius,
529 2297 650 2337 non
682 2279 908 2337 videtur
950 2280 1273 2353 verifimile,
1337 2277 1605 2340 Animal-.-

83 2360 216 2421 cula
244 2360 433 2420 isthaec
450 2358 672 2419 tamdiu
696 2360 760 2417 in
784 2374 946 2417 utero
986 2360 1187 2420 durare
1216 2357 1394 2441 posse,
1445 2360 1598 2437 quod

85 2444 125 2501 fi
171 2439 413 2519 possent,
452 2441 767 2515 frequentes
795 2435 1269 2520 superfaetationes
1324 2461 1425 2501 cur
1470 2460 1597 2500 non

64 2521 422 2581 evenirent?
503 2521 632 2579 Nec
675 2518 868 2581 minsis
904 2519 1138 2582 difficile
1164 2523 1419 2600 concipi,
1453 2541 1596 2599 quo-

85 2602 270 2662 modo
295 2605 357 2664 in
380 2618 500 2660 tam
542 2599 703 2660 brevi
742 2622 823 2680 24
880 2600 1159 2665 horarum
1226 2600 1428 2682 spatio,
1476 2622 1600 2682 quo

85 2699 267 2743 ovum
326 2702 426 2764 per
457 2697 642 2741 totam
689 2683 834 2741 uteri
893 2683 1313 2763 longitudinem
1384 2687 1599 2755 tranfit,

87 2762 364 2825 infectum
410 2761 642 2840 aliquod
671 2762 1031 2824 membranas
1065 2767 1163 2824 ovi
1196 2767 1259 2824 Sc
1299 2765 1598 2824 cicatricu-

88 2846 154 2905 1ae
193 2861 538 2925 penetraret,
604 2847 666 2902 &
704 2840 914 2920 absque
947 2863 1138 2905 errore
1189 2845 1394 2905 nidum
1432 2842 1598 2904 suum

89 2927 387 2987 inveniret.
465 2924 738 2986 Tandem
761 2927 796 2984 si
810 2922 1103 3004 spermatis
1124 2923 1354 2986 masculi
1373 2925 1596 2986 effluvia

29 3052 36 3057 -
90 3026 221 3067 eam
243 3009 364 3067 vim
394 3007 456 3064 &
480 3006 759 3066 influxum
778 3007 840 3066 in
860 3007 1120 3067 ovarium
1136 3007 1346 3068 habere
1367 3003 1598 3088 poffint,¹
1622 3012 1625 3015 '

90 3103 155 3149 ut
184 3086 415 3168 aliquod
446 3086 581 3150 inde
629 3104 806 3150 ovum
862 3087 1117 3166 eliciant,
1145 3091 1214 3149 &-
1257 3089 1321 3154 in
1371 3105 1599 3148 uterum

1437 3186 1599 3230 com*

1698 75 1806 162 45
