1968 3428
135 74 453 188 Synopfis
493 74 916 154 Animalium
941 72 1509 179 Qadruped'um.

87 212 315 292 prodiit
362 211 554 287 liquor
606 209 781 283 albus>
819 191 1088 268 turbidus,
1182 209 1426 268 Caecum
1481 207 1615 267 ΓεῙὶἒ

86 313 266 370 quum
329 308 502 352 tenue
533 294 618 350 ’δε
677 286 1052 369 transparenS,
1113 290 1371 365 quamvis
1412 292 1608 367 primo

84 372 311 453 aspectu
359 371 601 432 valvulas
623 372 828 432 multas
871 371 1247 431 conniventes
1275 369 1481 429 habere
1523 371 1608 429 vi-

86 455 311 529 deatur,
372 456 630 514 inflatum
687 471 881 512 tamen
937 471 1115 512 unam
1168 453 1231 509 &
1285 452 1605 529 fimplicem

86 537 311 595 valvam
348 532 442 595 seu
483 535 757 594 laminam
781 532 1032 592 ostendit
1052 531 1608 612 perpendiculariter

86 615 376 677 extensam
435 614 464 674 ὲ
498 617 741 675 circuitu
787 612 1066 688 intestini,
1122 616 1185 672 δε
1239 612 1604 673 curiofiffimc}

88 695 363 777 spiraliter
382 696 627 756 cochleae
648 698 707 756 in
731 695 975 755 modum
1000 695 1500 769 circumvolutam,
1532 694 1607 753 ab

91 794 352 839 extremo
377 777 447 837 ad
478 794 803 837 extremum
843 795 947 855 per
978 792 1162 836 totam
1192 775 1446 837 intestini
1478 779 1606 836 lon-

90 859 418 939 gitudinem
475 859 720 918 ductam.
803 861 1054 937 Lepores
1102 856 1214 916 albi
1249 860 1469 918 Patavii
1498 857 1609 917 fre-

91 957 337 1018 quentes
364 938 512 1013 sunt,
541 941 605 1001 in
630 938 928 1000 montibus
954 939 1162 998 vicinis
1191 940 1346 1018 capti
1378 960 1391 999 ε
1436 939 1609 1000 Auri-

92 1022 233 1082 culae
270 1022 546 1082 duntaxat
595 1024 836 1086 anterius
880 1021 1120 1081 cinereae
1139 1017 1286 1095 sunt,
1329 1022 1391 1078 &
1424 1039 1608 1082 extre-

95 1103 387 1164 mitatibus
411 1105 601 1181 nigrae.

177 1192 221 1244 C
248 1189 394 1244 UN
417 1191 503 1245 IC
523 1189 796 1258 ULUS,
836 1187 1084 1256 Aaecv'wc,
1113 1188 1168 1244 A
1197 1182 1357 1245 Rabit
1381 1208 1440 1243 or
1460 1189 1612 1264 Cony.

98 1262 280 1345 Qod
320 1265 392 1324 ad
423 1266 665 1345 figuram
695 1265 950 1344 corporis
990 1281 1290 1324 externam
1332 1266 1393 1324 in
1423 1268 1612 1324 omni-

96 1345 199 1405 bus
225 1343 340 1406 fere
357 1366 490 1406 cum
515 1350 741 1426 Lepore
762 1345 1057 1419 convenit,
1096 1346 1497 1426 magnitudine
1514 1365 1612 1407 ex-

98 1444 289 1507 cepta,
309 1425 422 1503 qua
448 1428 528 1486 illi
554 1427 724 1488 cedit.
803 1427 1011 1486 Carnis
1026 1441 1225 1487 tamen
1249 1427 1446 1488 colore
1475 1428 1612 1488 albo

101 1508 174 1567 ab
191 1529 261 1568 eo
281 1504 494 1581 differt,
536 1512 598 1568 δε
653 1513 1003 1588 proprietate
1026 1506 1330 1583 foramina,
1372 1511 1615 1569 cunicu-

101 1590 185 1648 los
227 1591 364 1650 inde
411 1589 585 1662 dicta,
627 1591 689 1650 in
721 1606 871 1650 terra
921 1585 1250 1649 effodiendi.
1354 1591 1614 1652 Partibuss

100 1672 341 1731 internis
382 1690 502 1731 non
526 1671 717 1731 minus
743 1672 912 1750 quam
935 1672 1184 1733 externis
1210 1675 1501 1749 Leporem
1527 1690 1614 1732 re·

101 1752 224 1812 fert.

186 1833 435 1914 Wepferus
461 1835 522 1894 in
565 1834 794 1914 Lepore
823 1832 1063 1894 faemella
1101 1833 1161 1892 in
1194 1835 1440 1913 perinaeo
1473 1837 1617 1894 finus

104 1913 246 1972 duos
268 1915 517 1974 laterales
541 1919 774 1995 reperit,
818 1917 880 1974 in
908 1914 1112 1992 quibus
1133 1911 1441 1976 substantia
1476 1935 1617 1992 qua-

108 1998 145 2055 st
179 2011 341 2054 cerea
372 1998 801 2069 continebatur,
841 2016 966 2073 quae
1004 1999 1066 2056 in
1107 1997 1462 2077 compendio
1492 2017 1620 2057 om-

106 2095 242 2135 nem
272 2077 536 2138 nidorem
561 2079 802 2158 Leporis
819 2079 881 2137 in
922 2074 976 2136 Ie
1003 2079 1357 2151 continebat,
1398 2083 1460 2137 δε
1501 2079 1621 2138 acri

107 2156 307 2216 foetore
328 2179 486 2220 nares
506 2162 747 2239 pupugit
781 2182 795 2220 :
832 2160 894 2218 in
928 2161 1111 2218 finum
1133 2161 1399 2238 utrinque
1429 2179 1622 2219 excer-

110 2239 349 2297 nebatur
364 2259 434 2299 ex
459 2241 729 2320 glandula
748 2238 1182 2319 conglomerata
1204 2241 1430 2315 dura,in
1455 2243 1622 2319 apice

114 2318 320 2379 ostiolo
345 2324 618 2398 praedita:
662 2342 797 2383 nam
852 2318 944 2381 illa
989 2320 1177 2400 preffai
1207 2323 1396 2382 exibat
1436 2323 1625 2382 fimilis

112 2397 432 2460 substantia.
516 2404 662 2463 Non
721 2423 858 2481 ergo
892 2399 1017 2462 solis
1049 2403 1410 2464 Animalibus
1437 2403 1624 2463 carni-

115 2482 264 2539 voris
283 2481 527 2542 conceffi
549 2481 675 2544 sunt
721 2485 961 2543 folliculi
1003 2484 1296 2545 odoriferi.
1377 2484 1624 2545 Eosdem

123 2563 264 2620 smus
288 2564 348 2619 ὃς
376 2563 664 2643 glandulas
692 2563 1010 2626 observavit
1046 2574 1115 2626 D.
1148 2568 1456 2648 lWllnghlqy,
1497 2565 1626 2625 iub-

125 2641 391 2736 stantiam
452 2643 736 2724 foetidam,
785 2647 1006 2706 aurium
1053 2649 1336 2708 cerumini
1388 2648 1626 2708 similem

120 2743 233 2782 con
248 2741 504 2784 tinenteS.

203 2807 469 2863 szt'culus
506 2809 802 2886 Brafilienfis
845 2809 962 2866 TA
984 2813 1027 2866 P
1049 2817 1096 2868 E
1122 2810 1218 2868 TI
1266 2807 1460 2869 ditstus.
1544 2811 1630 2868 Fi-

122 2884 261 2963 gura
311 2885 385 2943 est
430 2887 713 2960 nostratis,
775 2888 949 2966 dupla
986 2890 1383 2968 magnitudine
1407 2889 1623 2950 Gliris:

122 2965 251 3044 pilis
296 2969 354 3024 δέ
389 2967 583 3027 colore
607 2986 668 3025 ut
713 2972 917 3047 Lept15‚
957 2967 1049 3028 led
1112 2970 1285 3050 paulo
1336 2967 1578 3030 fusciore
1613 2991 1630 3030 t

124 3048 352 3107 auribus
374 3049 558 3127 longis
580 3067 642 3107 ut
666 3049 939 3108 nostrates
962 3053 1251 3113 Cuniculi.
1333 3053 1401 3111 In
1433 3051 1627 3111 fronte

128 3124 351 3191 rufescit
372 3131 624 3208 paulum,
664 3128 760 3192 sub
793 3148 1020 3209 gutture
1073 3133 1341 3195 nonnihil
1400 3133 1630 3203 albicat,

1672 87 1832 173 ρος
