1968 3428
90 57 259 144 334
391 34 448 106 S
433 31 710 142 ynopfis
749 31 1178 113 Animalium
1221 34 1788 141 andrupedum.

314 162 504 225 fauces·
532 168 856 225 contractas
876 164 1134 243 quidem,
1179 161 1274 224 sed
1305 166 1449 225 ultra
1479 165 1718 226 modum
1754 186 1850 228 ex-

315 249 599 308 tensibiles
631 248 821 320 habet,
862 253 998 306 eum
1027 246 1241 306 animal
1283 245 1525 325 praefat-o
1547 247 1727 306 modo
1750 269 1850 308 oc-

319 328 508 402 cidit,'
553 347 727 406 atque
777 325 897 388 offa
946 324 1062 402 ejus
1131 325 1502 387 minutiffime
1540 326 1848 409 confregit,

318 409 464 468 adeo
495 425 553 468 ut
594 410 838 469 cadaver
899 424 1177 484 tanquam
1215 408 1358 468 rude
1404 408 1600 469 Chaos
1645 408 1849 487 jaceat,

316 489 576 571 linguam
600 492 658 550 id
692 490 843 570 prius
862 490 1141 562 extendit,
1181 490 1392 550 deinde
1438 486 1605 568 sputo
1626 490 1742 551 -suo
1771 494 1850 550 vi-

318 574 548 633 rulento
570 573 708 632 illud
738 571 811 631 ad
839 570 1273 652 deglutiendum
1301 573 1717 651 aptumfingit,
1741 570 1848 632 dis-

317 657 486 731 ponit
509 657 570 729 δε
596 651 904 714 secundum
942 652 1088 732 pilos
1128 652 1441 713 lambendo
1491 652 1738 732 laevigat,
1782 669 1846 714 ut

319 736 559 794 cadaver
591 736 622 795 ὲ
650 735 976 816 longinquo
990 750 1265 811 tanquam
1285 734 1844 814 glutine-obductum

316 814 693 896 resplendeat,
737 821 797 876 δε
834 819 907 875 fic
937 832 1137 894 aptum
1163 816 1235 873 ad
1285 812 1632 876 sorbendum
1686 816 1843 874 vide·

317 914 455 957 atur.
537 899 682 980 Qo
706 897 860 958 faeto
885 899 1090 975 incipit
1106 897 1341 974 Serpens
1371 899 1533 956 ricS'c-u-
1556 894 1654 955 suo
1674 896 1839 956 cada-

312 981 457 1038 veris
488 998 663 1059 caput
690 979 1208 1060 apprehendere‚&
1234 973 1393 1035 sustu
1425 975 1661 1035 fortiore
1688 980 1839 1054 quali

311 1059 612 1121 absorbere
640 1108 655 1132 ,
719 1063 911 1121 donec
952 1058 1165 1118 animal
1231 1058 1649 1136 interemptum
1704 1077 1839 1118 cum

309 1142 582 1202 omnibus
610 1139 709 1202 suis
748 1141 1006 1224 partibus
1036 1140 1318 1220 paulatim
1346 1141 1413 1199 in
1454 1151 1711 1198 ventrem
1759 1137 1846 1196 ie-

307 1221 575 1283 cefferit:
623 1224 755 1284 Hac
801 1225 1029 1283 astione
1068 1220 1224 1298 juxta
1283 1222 1572 1282 cadaveris
1610 1220 1838 1280 molem

305 1303 549 1383 Serpens
587 1305 937 1381 quandoque
971 1303 1117 1362 ultra
1135 1302 1380 1361 biduum
1405 1299 1650 1367 insumit.
1676 1300 1838 1361 Post-

310 1403 485 1460 quam
515 1385 761 1444 cadaver
790 1388 963 1465 igitur
985 1385 1083 1444 tali
1113 1380 1333 1443 insustu
1354 1385 1418 1444 in
1442 1385 1725 1461 Serpentis
1743 1386 1835 1442 in-

309 1466 561 1543 gluviem
620 1464 856 1539 ssceffit,
915 1465 1171 1542 inibique
1210 1481 1489 1541 tanquam
1545 1462 1834 1543 sepultum

308 1547 410 1619 est,
474 1550 718 1626 Serpens
741 1549 840 1607 tali
866 1547 1095 1626 crapula
1125 1547 1418 1626 inligniter
1447 1546 1720 1625 turgiduS,
1774 1567 1836 1606 a-

309 1627 420 1687 deo
457 1629 742 1688 invalidus
793 1628 1079 1700 redditur,
1119 1644 1183 1686 ut
1238 1646 1349 1687 nec
1399 1644 1654 1708 pugnare
1710 1636 1832 1686 'am-

307 1708 453 1788 plius
475 1731 582 1771 nec
608 1709 899 1791 aufugere,
940 1729 1049 1769 nec
1083 1727 1317 1768 movere
1346 1707 1400 1770 ste
1425 1712 1499 1768 de
1552 1709 1685 1768 loco
1735 1705 1832 1766 suo

306 1791 504 1850 valeat.
586 1791 750 1869 Hinc
782 1793 841 1851 fit
870 1807 933 1849 ut
969 1811 1000 1848 a
1024 1788 1244 1848 rusticis
1265 1791 1372 1848 five
1397 1787 1509 1865 ejus
1528 1790 1640 1848 loci
1660 1807 1831 1847 vena-

207 1941 210 1943 ,
306 1871 542 1942 toribus)
587 1868 709 1931 solo
738 1871 881 1930 reste
928 1873 1080 1930 circa
1139 1870 1357 1930 collum
1412 1870 1680 1930 adstricto
1709 1869 1830 1928 Ser-

303 1971 444 2030 pens
467 1951 592 2012 tuto
616 1951 1010 2032 stranguletur,
1054 1954 1117 2009 &
1151 1970 1274 2010 non
1303 1971 1434 2010 raro
1477 1950 1711 2009 fustibus
1729 1970 1829 2009 oc-

300 2033 543 2106 cidatur.
626 2035 1014 2112 Interemptus
1045 2032 1128 2091 ita
1151 2033 1391 2110 Serpens
1442 2034 1502 2090 in
1529 2029 1717 2090 frusta
1761 2033 1825 2089 &2

303 2131 494 2192 partes
517 2112 747 2189 secatur,
791 2113 1040 2191 caroque
1059 2110 1175 2189 ejus
1204 2132 1312 2191 pro
1347 2111 1480 2173 cibo
1504 2110 1821 2191 gratiffimo

305 2197 594 2256 venditur.

387 2363 458 2416 N
464 2362 519 2417 A
549 2361 668 2417 TR
694 2364 725 2417 I
748 2365 812 2417 X
874 2375 1134 2439 torquata,
1198 2357 1302 2415 The
1349 2379 1573 2415 common
1627 2357 1811 2416 Snake.

302 2435 631 2517 Descriptio
652 2458 777 2515 quae
815 2441 969 2518 apud
993 2437 1405 2497 Ambrosmum
1443 2438 1698 2496 occurrit
1746 2436 1818 2495 ad

298 2521 532 2579 iconem
570 2520 644 2578 ad
676 2520 872 2577 vivum
918 2519 1263 2578 delineatam
1309 2516 1457 2575 fata-a
1481 2518 1695 2594 vulgari
1713 2536 1816 2575 no-

297 2598 414 2659 stro
447 2601 626 2679 angui
657 2595 779 2658 satis
809 2600 954 2658 bene
975 2601 1261 2660 convenit.
1341 2599 1518 2657 Circa
1548 2614 1719 2676 caput
1749 2600 1816 2656 δε

296 2680 516 2742 collum‘
535 2683 720 2740 tenuis
741 2679 844 2753 est,
873 2678 1103 2740 craffior
1131 2683 1283 2740 circa
1303 2695 1588 2756 ventrem,
1617 2676 1814 2757 postea

293 2762 355 2820 in
382 2761 624 2822 caudam
670 2761 989 2820 admodum
1024 2763 1234 2820 exilem
1269 2761 1411 2820 finit.
1495 2762 1680 2819 Color
1701 2776 1811 2817 ter-

292 2845 350 2922 gi
397 2843 664 2921 nigricat,
708 2843 836 2915 (aut
869 2841 1078 2902 ferreus
1104 2842 1218 2919 est)
1259 2844 1412 2902 circa
1439 2841 1631 2899 alvum
1659 2842 1806 2900 inter

292 2926 514 2984 luteum
549 2926 611 2981 δε
649 2923 892 2981 viridem
939 2923 1180 2997 medius,
1235 2922 1395 2981 lineis
1422 2923 1595 3000 nigris
1624 2922 1804 2998 virga-

292 3020 397 3063 tus.
474 3000 655 3079 Huj‘us
702 3019 902 3065 autem,
927 3020 1081 3091 {nota
1123 3004 1355 3081 insignis
1401 3001 1481 3060 est
1520 3004 1578 3060 in
1610 3000 1805 3076 collo;

294 3083 699 3144 nam-maculae
742 3084 1106 3148 candicantes
1159 3084 1190 3144 ἐ
1242 3082 1459 3162 pallido
1484 3081 1655 3142 instar
1688 3094 1807 3172 tor-

1688 3179 1812 3238 quis
