1968 3428
139 46 302 134 2}ssss
424 38 745 151 Synopfis·
779 41 1204 121 Animalium
1232 43 1800 148 Qadrupedum.

368 171 777 235 rubestentibus
826 177 1055 236 maculis
1105 172 1412 254 consperso·
1492 176 1562 235 In
1622 178 1760 255 agris
1784 177 1882 252 Ju-

367 257 764 317 catanensibUS.
1854 267 1867 280 ⁰

450 345 488 397 S
505 345 549 394 E
571 341 606 391 P
631 343 670 396 S
714 342 775 397 &
801 336 1040 416 Sepedon,
1087 342 1183 397 Eum-3
1200 345 1263 395 72'
1279 340 1438 395 σήπειν
1471 337 1669 410 dietus,
1725 337 1879 415 qubd

370 419 442 477 ab
497 421 606 476 hoc
648 420 1069 492 vulneratorum
1119 437 1255 477 caro
1285 416 1469 477 statim
1520 418 1878 496 putredinem

370 498 671 578 concipiat.
754 500 988 574 Serpens
1008 497 1085 555 est
1118 517 1338 576 parvus,
1369 501 1447 558 in
1475 498 1626 575 cujus
1650 497 1882 575 descrip-

373 583 530 638 tione
549 578 789 638 Autores
814 580 1039 638 variant.
1122 581 1244 638 Nos
1270 579 1412 639 nihil
1442 583 1580 639 certi
1618 579 1883 639 habemus

372 658 529 737 quod
602 658 928 719 adferamus,
1036 658 1186 719 Vide
1235 664 1526 722 Lacertam
1591 660 1882 721 Chalcidi„

371 761 518 800 cam.
837 760 839 762 ·

457 826 508 880 A
531 826 571 878 S
593 826 637 878 P
656 826 685 879 I
701 827 755 881 S.
840 820 1148 881 Rationem
1212 823 1456 883 nominis
1523 821 1879 900 probabilem

374 923 494 962 non
527 902 774 972 invenie,
807 918 889 960 *at
929 921 1112 978 neque
1167 900 1603 980 descriptionem
1653 922 1879 962 accura-

374 1002 515 1050 tam,
539 986 795 1059 quamvis
818 981 1048 1059 Serpens
1077 982 1148 1042 de
1187 984 1421 1043 nomine
1451 982 1761 1043 notiffimus
1806 986 1882 1043 fit.

377 1062 634 1124 Africam
684 1063 915 1137 &ripas
942 1062 1066 1122 Nili
1090 1059 1430 1140 potiffimum
1459 1065 1675 1122 incolit.
1757 1065 1882 1124 Bel-

374 1143 556 1203 lonius
587 1145 647 1201 in
677 1142 841 1201 Italia
871 1144 1018 1219 apud
1060 1146 1277 1204 Brutios
1321 1143 1632 1221 serpentem
1676 1144 1882 1203 callum

376 1227 436 1284 in
470 1224 652 1282 fronte
675 1223 948 1282 tuberculi
976 1222 1146 1282 instar
1171 1224 1481 1301 gestantem
1510 1226 1674 1299 vidit,
1710 1243 1883 1302 quem

380 1302 458 1366 As
458 1305 648 1384 pidem
671 1303 943 1364 Veterum
971 1302 1078 1363 effe
1098 1308 1335 1383 putavit.

455 1474 557 1527 SC
589 1468 898 1525 YTALE
939 1465 973 1525 a
1018 1467 1181 1544 longa
1232 1470 1497 1527 &terete
1542 1467 1736 1544 figura,
1778 1466 1885 1544 qufi

375 1548 640 1610 baculum
693 1546 778 1605 seu
825 1547 1009 1607 lorum
1048 1553 1369 1608 coriaceum
1400 1549 1653 1608 imitatur
1687 1552 1748 1608 δε
1789 1566 1886 1606 ex-

377 1646 577 1706 aequat,
621 1628 1041 1688 denominatur·
1124 1626 1332 1688 Forma
1389 1628 1468 1687 est
1517 1630 1773 1687 tereti&
1812 1629 1886 1687 ita

377 1709 595 1787 aequali,
638 1725 698 1765 ut
744 1709 835 1767 ubi
863 1726 1029 1786 capnt
1057 1711 1144 1768 vel
1186 1711 1367 1770 cauda
1422 1711 1480 1767 fit
1520 1705 1761 1769 discerni
1791 1709 1885 1768 vix

378 1789 554 1870 poss'it.
638 1789 1040 1865 Magnitudine
1065 1794 1127 1850 &
1155 1790 1505 1869 longitudine
1536 1810 1662 1852 eam
1691 1790 1887 1868 ligonis

380 1873 537 1949 ligno
556 1886 852 1947 comparat
881 1872 1195 1932 Nicander.

459 2042 514 2094 A
544 2039 683 2093 MP
713 2040 778 2091 Η
799 2037 948 2092 ISB
970 2039 1232 2094 QAENA.
1312 2034 1580 2094 Nominis
1618 2031 1760 2091 ratio
1792 2049 1878 2109 pa-

381 2131 479 2174 tet.
548 2115 691 2175 Dari
717 2116 886 2174 etiam
918 2116 1195 2189 Serpentis
1218 2134 1387 2192 genus
1415 2117 1648 2191 gemino
1677 2108 1887 2171 incessu

379 2194 694 2255 antrorsum
747 2200 811 2256 &
839 2193 1137 2253 retrorsilm
1162 2216 1281 2254 non
1325 2195 1670 2272 negaverim,
1711 2192 1889 2252 multa

377 2280 533 2336 enim
554 2272 765 2335 ‘Insedsta
797 2278 908 2334 hoc
928 2276 1102 2333 modo
1133 2277 1418 2336 incedunt.
1508 2275 1587 2336 At
1620 2293 1756 2332 vero
1814 2272 1890 2332 bi-

378 2359 616 2434 cipitem
634 2354 979 2432 Serpentem,
1029 2353 1120 2415 seu
1147 2376 1384 2434 utraque
1423 2356 1772 2416 extremitate
1804 2373 1890 2414 ea-

380 2441 621 2515 pitatnm
638 2436 695 2493 in
718 2456 903 2495 rerum
924 2451 1122 2495 natura
1150 2438 1389 2496 inveniri
1415 2434 1891 2511 nimisimpudens

382 2516 461 2577 est
496 2520 595 2594 qui
634 2517 896 2589 affirmat,
950 2520 1012 2576 &
1058 2520 1222 2577 nimis
1279 2517 1503 2575 stolidus
1546 2517 1644 2592 qui
1693 2515 1889 2575 credit.

383 2599 551 2658 Forte
580 2598 654 2655 ob
705 2600 892 2658 caudae
947 2615 1209 2657 extrem-ae
1241 2594 1544 2657 craffitiem
1577 2594 1755 2655 minhs
1794 2614 1891 2654 cu-

381 2674 548 2750 riose,
585 2681 648 2737 ὅτ.
677 2679 1025 2756 negligenter
1071 2674 1330 2756 specianti
1388 2680 1570 2754 biceps
1622 2676 1890 2737 videatur.

383 2757 615 2836 Serpens
665 2757 744 2816 est
765 2764 996 2837 exiguus
1027 2783 1042 2816 .·
1082 2762 1259 2818 Color
1291 2760 1373 2817 iiii
1404 2774 1623 2819 terreus<
1661 2753 1749 2816 seu
1778 2757 1890 2835 pul-

383 2842 478 2979 isui.
581 2840 882 2920 Reperitur
929 2843 990 2900 in
1042 2839 1227 2919 Libya
1280 2843 1342 2900 δε
1399 2839 1462 2897 in
1510 2840 1730 2901 Lemno
1800 2837 1889 2895 in·

411 2941 512 2979 ua.

1755 3077 1893 3140 Huc
