1968 3428
131 86 172 138 2
191 83 229 135 2
243 81 294 161 4
435 49 752 159 Synopfis
798 50 1222 132 Animalium
1267 51 1828 160 Qadrupedum'.

348 180 574 242 dicitur.
656 181 842 242 Color
899 182 1019 243 aliis
1054 182 1233 244 alius:
1306 181 1426 243 vidi
1481 183 1719 262 (inquit
1758 180 1877 260 Ges:

347 266 521 337 uerus)
565 278 716 323 totos
743 263 918 340 albos,
957 267 1198 324 &totos
1220 260 1414 337 ruff05,
1459 265 1520 321 δε
1546 281 1616 324 ex
1658 266 1791 328 albo
1813 263 1879 324 Sc

347 341 500 404 ruffo
518 346 721 417 variOS,
768 346 866 421 qui
913 344 1068 423 apud
1094 364 1197 405 nos
1223 343 1672 422 frequentiffimi.
1753 344 1877 408 An-

347 428 585 486 teriores
609 426 780 505 pedes
805 428 1095 503 quaternis
1120 427 1313 506 digitis
1338 425 1646 502 donantur,
1697 426 1885 506 poste-

349 507 525 567 riores
551 509 722 568 ternis
747 523 998 582 tantum,
1044 510 1359 584 eorumque
1389 507 1610 567 medius
1651 507 1883 588 longior

344 588 429 648 est
456 591 705 665 reliquis,
748 608 871 649 non
898 610 944 649 a.
975 586 1133 649 lenos
1157 588 1397 649 anterius
1434 591 1498 647 &
1522 591 1724 666 quinos
1774 609 1881 670 pos

342 670 532 729 sterius
579 670 812 744 habent,
859 672 942 732 uti
988 672 1223 748 Gefherus
1275 674 1337 730 &
1369 669 1740 730 Aldrovandus
1782 689 1882 731 vo<-

345 751 585 813 luerunt.
667 753 914 813 Pedibus
946 751 1324 812 anterioribus
1357 773 1418 811 os
1449 754 1512 810 δε
1551 767 1726 831 caput
1768 749 1887 813 sca-

346 833 429 892 bit
462 852 524 893 ut
550 835 828 894 Cuniculi
859 830 1062 907 solent,
1113 836 1175 892 &
1230 833 1442 894 horum
1470 851 1699 912 quoque
1721 852 1887 893 more

348 917 591 993 pedibus
617 914 1023 996 posterioribus
1052 914 1274 987 insidet,
1333 910 1580 991 ideoque
1604 935 1771 975 crura
1814 915 1887 975 ad

347 993 714 1077 luffraginem
749 992 868 1073 usq5
925 997 1076 1056 callo
1127 995 1380 1055 obducta
1422 994 1570 1070 sunt,
1616 996 1890 1074 quemad-

354 1080 601 1138 modum
658 1083 719 1137 &
752 1078 939 1157 pedes,
1021 1078 1196 1138 Haud
1236 1073 1529 1137 subsultim
1577 1093 1774 1138 tamen
1803 1079 1890 1138 in·-

350 1160 543 1238 cedit3
588 1156 682 1219 sed
731 1161 1012 1219 alternato
1061 1160 1280 1239 pedum
1329 1155 1516 1238 gressu
1574 1178 1889 1237 porcorum

347 1243 480 1300 ritu.
561 1239 773 1320 [Super
802 1242 1077 1300 calcaneis
1102 1242 1328 1299 incedit
1353 1239 1623 1301 Hominis
1655 1243 1717 1299 δε
1747 1241 1886 1302 Urfi

348 1323 533 1382 modo
566 1331 632 1382 D.
662 1322 1001 1403 Wllughby]
1086 1323 1228 1381 Non
1258 1321 1401 1382 fodit
1434 1336 1497 1380 ut
1523 1321 1884 1399 Cuniculus;

347 1423 533 1480 neque
559 1422 620 1463 ut
652 1405 749 1462 hic
796 1423 970 1462 caecus
995 1400 1257 1464 nascitur.
1342 1404 1701 1483 Pugnaturus
1751 1401 1886 1462 ferit

347 1485 552 1558 r0str0,
615 1486 864 1566 porcino
904 1504 1084 1544 more.
1163 1485 1326 1543 Octo
1370 1483 1663 1545 interdum
1712 1481 1884 1544 foetus

348 1587 464 1628 una
493 1570 620 1626 vice
644 1568 810 1647 parit.
900 1566 1102 1626 Omne
1132 1585 1308 1646 genus
1355 1564 1542 1626 herbis
1589 1568 1652 1623 δε
1686 1563 1885 1625 fructi-

348 1650 452 1709 bus
476 1648 730 1709 vescitur.
813 1649 972 1709 Caro
990 1648 1166 1707 edulis
1195 1647 1274 1706 est
1301 1650 1362 1706 δε
1393 1648 1702 1706 Porcinam
1724 1642 1886 1725 sapit.

346 1731 615 1807 Cumque
639 1731 710 1790 ad
758 1725 1011 1789 mensam
1037 1744 1264 1808 paratur
1289 1748 1413 1789 non
1437 1727 1606 1786 debet
1646 1729 1676 1802 (
1694 1728 1886 1788 Cuni-

345 1812 462 1871 culi
505 1812 773 1872 nostratis
813 1810 989 1870 instar
1014 1812 1043 1884 )
1110 1810 1260 1889 pelle
1321 1809 1546 1882 nudari,
1587 1805 1683 1869 fied
1737 1806 1884 1886 aqua*

343 1892 601 1953 fervente
646 1892 1093 1968 (Porcellorum
1123 1893 1292 1966 ritu)
1335 1890 1593 1970 depilari.
1713 1887 1885 1966 Aquzi

347 1975 484 2035 huic
510 1975 772 2036 Animali
802 1973 946 2034 nibil
970 1993 1134 2054 opus,
1175 1971 1350 2035 modo
1393 1971 1581 2032 herbis
1607 1971 1884 2031 viridibus

345 2053 612 2116 vescatur.

428 2139 689 2197 Partium
736 2139 1089 2196 internarum
1145 2131 1602 2215 descriptionem
1658 2129 1882 2190 Anato-

345 2221 560 2279 micam
613 2219 642 2278 ὲ
682 2215 881 2278 clariff.
925 2218 1053 2275 viro
1089 2223 1160 2275 D.
1204 2222 1419 2296 Gec-rgio
1465 2220 1623 2273 Entio
1672 2210 1885 2269 factam

350 2301 482 2361 vide
531 2300 682 2381 apud
730 2306 800 2358 D.
827 2299 1110 2357 Charleton.
1143 2299 1206 2356 in
1256 2292 1534 2358 Mantiffa
1574 2292 1887 2353 Anatorni-

348 2402 432 2442 ca.
516 2390 585 2442 D.
624 2380 913 2462 Wllughby
971 2378 1091 2437 haec
1143 2376 1331 2437 habet.
1410 2374 1729 2436 Pulmones
1760 2375 1821 2432 in
1847 2393 1888 2452 4

358 2464 635 2540 utrinque
688 2461 851 2520 lobos
897 2459 1055 2519 divisi
1087 2476 1268 2532 erant,
1321 2476 1573 2535 quorum
1618 2455 1736 2513 duo
1787 2453 1889 2513 ad-

352 2546 594 2605 modum
652 2543 834 2622 parvi.
918 2540 1020 2617 [D.
1064 2547 1254 2600 Entim
1313 2556 1503 2599 ternos
1542 2535 1766 2595 tantum
1825 2535 1888 2597 in

352 2628 566 2685 utrovis
603 2624 780 2682 latere
800 2620 962 2681 lobos
992 2619 1371 2681 Pulmonibus
1412 2618 1691 2688 attribuit,
1741 2635 1887 2693 quo-

350 2728 477 2766 rum
510 2707 734 2766 infimus
764 2703 930 2762 valde
982 2703 1239 2782 exiguu5‚
1280 2699 1538 2781 superior
1563 2716 1755 2757 autem
1795 2696 1880 2757 bi-

352 2790 494 2848 fidus
527 2783 907 2861 cernebatur]
987 2784 1189 2862 Hepar
1211 2785 1272 2842 in
1313 2803 1349 2858 7
1396 2779 1799 2849 dividebatur,
1850 2776 1884 2836 ὲ

353 2869 557 2944 quibus
604 2867 803 2926 itidem
847 2866 962 2923 duo
1010 2865 1322 2942 perexigui.
1403 2861 1501 2921 Fel
1522 2880 1593 2919 ex
1625 2858 1753 2918 albo
1802 2857 1887 2916 lu-

354 2946 620 3008 tesceban
694 2949 911 3005 Porum
935 2943 1366 3014 cholidochum,
1411 2946 1472 3001 ὃς
1502 2956 1757 3001 meatum
1786 2957 1884 3019 cy-

356 3030 561 3089 ssicum
618 3027 876 3088 habebat.
959 3025 1235 3085 Intestina
1274 3026 1470 3101 longa,
1521 3023 1829 3083 convoluta
1861 3041 1879 3078 2

360 3125 729 3172 excrementa
778 3125 838 3170 ut
889 3110 949 3170 in
1001 3106 1318 3186 Leporibus
1366 3109 1429 3166 δι’,
1489 3101 1764 3241 cuniculi-s
1809 3100 1876 3240 lin

1682 3202 1744 3263 pl
1771 3200 1872 3240 uis
