1968 3428
142 41 459 154 Synopfis
499 35 927 158 Animalium
961 38 1531 146 Qadrupednm.

83 180 338 259 quamvis
369 176 616 236 Kirehero
638 168 714 232 ‘in
760 190 902 232 cane
947 173 1290 250 experienti,
1331 175 1397 232 δε
1429 178 1613 235 carolo

84 259 554 344 Magnim‘Romae
579 257 644 316 in
671 254 940 334 homine,
962 256 1147 333 taliter
1177 255 1394 330 evenit,
1435 256 1612 317 ambo

82 345 245 408 enim
266 335 558 401 evaierunt
589 363 606 395 .-
649 336 727 397 D.
759 338 1116 399 tamen4Rssdi
1152 331 1424 396 successus
1444 335 1616 399 hosce

82 441 296 485 naturae
358 423 544 502 potius
597 416 775 495 quam
818 416 1019 496 lapidis
1064 417 1280 478 viribus
1337 419 1612 498 imputat,

84 526 211 583 quae
228 502 630 565 debiliveneni
654 500 713 559 vi
739 498 970 560 strenue
1000 499 1189 559 obniti
1218 509 1456 578 eamque
1483 504 1614 563 vin-

84 608 218 651 cere
256 587 465 667 potuit.
505 586 583 643 Et
609 600 804 642 revera
824 588 1148 722 Hiippocratzk
1178 581 1324 641 illud
1346 580 1610 658 effatum,

82 674 144 728 ‘H
175 674 231 728 Δΐ
260 675 407 742 mre-2259:
431 668 648 738 σφωλεςῆ.
730 663 874 723 Veri
920 683 1105 722 imum
1147 661 1261 724 effe
1307 661 1612 725 fatendum

85 749 206 828 est3
247 767 357 808 nec
383 743 692 826 quicquam
716 742 1064 821 frequentius
1086 746 1304 804 accidit
1330 746 1506 822 quam
1550 766 1614 807 ut

88 830 354 891 Elencho
379 847 503 891 non
532 823 709 887 causae
723 846 835 905 pro
878 823 1047 887 causa
1071 823 1613 907 nobismetipfisim-

82 931 387 994 ponamus.
474 908 664 990 Qod
700 909 924 988 iemper
960 910 1221 977 succedat
1263 930 1386 970 non
1414 907 1610 972 minus

82 992 497 1073 denegandum
550 1007 696 1070 puto
748 991 923 1067 quam
989 991 1141 1068 quod
1178 988 1402 1073 iemper
1448 991 1602 1053 fallat

83 1074 245 1135 Nam
286 1074 442 1152 quod
485 1071 798 1149 aliquando
827 1069 1100 1132 effectum
1128 1072 1473 1152 promiffum
1496 1072 1611 1134 sor-

84 1158 277 1232 tiatur,
319 1156 588 1234 exempla
617 1153 894 1213 nonnulla
917 1172 1266 1235 aegrotorum
1290 1155 1387 1215 hic
1403 1157 1466 1215 in
1485 1157 1608 1216 An·

83 1239 204 1317 glia
220 1238 412 1315 quiex
441 1234 553 1315 ejus
565 1232 666 1295 usu
693 1236 964 1296 levamen
982 1233 1277 1296 senserunt
1305 1237 1481 1297 fidem
1503 1258 1612 1298 no-

83 1319 168 1380 bis
191 1317 425 1380 faciunt.
508 1319 830 1379 Narratum
858 1318 938 1377 est
977 1319 1126 1377 mihi
1148 1318 1182 1378 ὲ,
1219 1318 1434 1380 celebri
1487 1340 1612 1379 me-

82 1401 220 1462 dico
247 1402 563 1480 Londinenfi,
603 1399 756 1477 quod
803 1400 1057 1460 hominis
1099 1396 1386 1477 cujusdam
1425 1422 1613 1483 prope

83 1482 253 1543 istam
285 1482 488 1543 urbem
515 1481 777 1561 aVipera
807 1484 1117 1542 commorfi
1151 1503 1358 1542 manus
1391 1485 1454 1541 δε
1482 1484 1612 1544 bra-

88 1564 292 1624 chium
321 1561 505 1626 subito
527 1565 915 1624 intumuerint
943 1584 1079 1623 cum
1105 1565 1331 1644 ingenti
1363 1565 1564 1625 dolore
1588 1591 1613 1647 ς

91 1645 363 1724 quodque
391 1645 583 1726 lapide
605 1644 886 1724 applicito
904 1647 1068 1705 unius
1093 1648 1280 1706 noctis
1317 1644 1501 1724 spatio
1523 1668 1612 1708 re-

90 1723 306 1787 miserit
360 1728 549 1801 dolor,
591 1729 654 1785 δε
686 1725 953 1787 resederit
983 1745 1198 1801 tumor,
1241 1729 1499 1807 aegerque
1558 1727 1614 1791 se

85 1809 272 1868 valere
284 1810 612 1869 existimans
640 1809 896 1888 lapidem
916 1813 1135 1869 amovit
1164 1812 1406 1870 firmiter
1426 1811 1615 1874 adhuc

87 1891 470 1952 adhaerentem
502 1915 519 1971 3
563 1888 761 1950 verum
788 1912 912 1952 non
959 1890 1041 1950 ita
1070 1892 1257 1952 multo
1303 1891 1435 1972 post
1464 1895 1614 1973 prio³

85 1973 237 2033 ribus
277 1971 676 2055 symptomatis
736 1995 866 2034 cum
895 1973 1114 2033 ferocia
1147 1974 1517 2035 redeuntibus
1544 1980 1612 2036 δε

87 2053 291 2115 dolore
339 2051 787 2128 recrudescente,
825 2056 898 2115 ad
943 2054 1295 2116 Antidotum
1331 2072 1611 2134 tanquam

86 2130 301 2196 sacram
348 2137 687 2198 Anchoram
741 2139 955 2197 iterum
1011 2137 1321 2218 confugere
1380 2143 1612 2199 coactus

88 2215 191 2291 est,
232 2218 596 2297 lapidemque
637 2221 839 2278 tandiu
888 2218 1022 2280 loco
1064 2216 1274 2283 affecto
1329 2220 1614 2282 adhaerere

87 2301 347 2376 permisit
367 2299 556 2360 donec
577 2297 779 2380 sponte
831 2301 1143 2376 decideret,
1186 2300 1445 2380 adeoque
1466 2306 1610 2364 inte-

89 2381 192 2459 gre
232 2378 446 2442 sanatus
481 2381 577 2442 est.
659 2381 929 2444 Alterum
982 2384 1462 2444 commemorabo
1513 2404 1608 2446 ex-

90 2463 483 2540 perimentum
540 2465 698 2542 quod
748 2482 981 2545 egomet
1034 2463 1155 2546 ipse
1190 2465 1321 2540 feci,
1361 2467 1423 2525 in
1462 2488 1610 2547 aegra

89 2543 338 2620 quadam
389 2546 591 2606 dolore
643 2547 960 2629 podagrico
997 2549 1060 2606 in
1098 2548 1423 2608 ventriculo
1448 2549 1609 2610 lab02

90 2642 271 2685 rante.
353 2630 606 2688 Materia
631 2630 790 2687 enim
822 2628 1126 2689 morbifica
1151 2629 1606 2690 medicamento-

90 2727 222 2765 rum
241 2726 354 2785 ope
380 2708 515 2767 inde
543 2711 1015 2789 amota,digitum
1032 2713 1192 2790 pedis
1210 2713 1432 2785 invasit,
1445 2713 1607 2773 crim-—

89 2806 206 2866 que
227 2809 371 2868 aegra
389 2788 602 2851 doloris
625 2789 762 2850 esset
783 2793 1109 2871 impatiens,
1147 2795 1222 2854 ne
1262 2793 1409 2853 nihil
1440 2814 1608 2872 agere

89 2870 329 2944 viderer,
374 2872 436 2928 δε
486 2871 560 2929 ad
603 2873 1065 2951 impediendum,
1105 2877 1180 2936 ne
1238 2875 1608 2935 multitudine

91 2953 675 3026 medicamentorum,
718 2974 840 3030 quae
877 2952 1246 3017 invisentium
1281 2957 1448 3016 turba
1484 2955 1607 3016 affi-

90 3033 205 3092 due
253 3032 620 3116 suggerebat,
662 3051 928 3110 uteretur,
987 3036 1251 3117 adeoque
1293 3038 1605 3097 humorem

92 3114 305 3180 iterum
343 3118 413 3181 ad
457 3117 843 3179 ventriculum
901 3119 1233 3199 repelleret,
1294 3120 1464 3198 Lapis
1506 3117 1606 3178 hic

1342 3219 1610 3263 commo-

1665 79 1836 164 3¹9
