1968 3428
143 68 171 118 ι
194 35 303 119 86
419 32 737 141 Synopfis
778 31 1209 113 Animalinm
1241 0 1806 138 Qadrnpedutzae.

357 164 452 230 seu
482 159 669 247 niger,
697 163 921 226 summa
943 183 1105 247 parte
1125 167 1329 229 itidem
1345 167 1543 238 luteuS,
1566 178 1629 223 ut
1653 163 1891 228 Animal

356 269 430 309 ex
452 251 622 328 nigro
646 245 945 308 canescere
975 249 1256 323 videatur,
1313 248 1465 308 unde
1493 245 1831 308 nostratibus
1858 272 1891 309 a

356 337 496 408 ‚Gr-cry
520 351 574 408 q.
601 329 843 390 Animal
863 325 1114 409 griseum
1164 332 1499 411 appellatur.
1579 324 1675 387 Ad
1716 327 1893 389 latera

357 413 424 470 ὃς
448 410 547 472 sub
599 426 798 471 ventre
843 412 949 490 pili
994 414 1205 492 integri
1242 431 1314 471 ex
1344 411 1496 471 luteo
1520 407 1734 490 pallent
1765 431 1780 469 :
1829 412 1894 471 in

357 493 693 554 humeris&
735 494 990 553 cruribus
1011 509 1128 553 tam
1172 492 1556 552 anterioribus
1592 490 1761 568 quiam
1787 512 1894 571 po·

357 574 702 648 sterioribUS,
741 577 890 650 sut&
929 571 1030 636 sub
1067 591 1294 656 gutture
1337 575 1563 655 penitus
1585 574 1890 652 nigricant.

361 655 420 716 A
450 654 678 716 summo
731 657 920 735 capite
970 656 1043 715 ad
1093 673 1416 717 extremum
1448 654 1694 715 rostrum
1738 654 1895 714 linea

357 735 453 797 seu
483 737 682 797 duetus
730 737 906 812 albus,
936 737 1076 798 duos
1104 739 1329 798 circiter
1354 738 1564 817 digitos
1586 736 1729 795 latus
1760 756 1896 816 pro-

363 819 622 878 tenditur
647 840 661 878 :
690 817 836 885 infra
865 838 993 879 eam
1018 820 1285 897 utrinque
1315 817 1349 879 ὲ
1368 818 1601 879 naribus
1631 836 1733 896 per
1758 837 1896 876 ocu-

363 901 447 960 los
481 900 674 958 duetus
715 896 807 958 ieu
863 900 1070 973 areola,
1129 900 1499 981 pyramidalis
1552 902 1716 978 nigra
1752 899 1896 960 ultra

366 1000 522 1041 aures
538 981 873 1061 producitur
899 1004 914 1041 :
957 982 1168 1041 deinde
1197 983 1406 1043 iterum
1440 979 1676 1041 inferius
1705 979 1896 1040 adhue

363 1065 426 1123 in
453 1079 697 1142 utraque
724 1061 953 1123 maxilla
978 1063 1080 1143 pili
1115 1061 1439 1124 albescunt:
1484 1061 1559 1122 ita
1609 1079 1670 1119 ut
1725 1079 1898 1139 caput

366 1146 530 1204 vario
584 1144 780 1204 colore
832 1147 1051 1223 insigne
1098 1148 1176 1205 fit.
1286 1144 1491 1206 Cauda
1531 1138 1896 1216 breviuscula,

362 1223 560 1299 crassa,
600 1226 795 1305 rigidis
827 1231 887 1286 δε
918 1226 1179 1306 oblongis
1210 1226 1335 1305 pilis
1379 1226 1570 1285 obsita.
1654 1223 1897 1285 Auricu-

364 1309 428 1369 lae
460 1306 683 1379 breve5,
722 1304 1102 1380 subrotundae,
1146 1310 1321 1367 muris
1344 1305 1569 1382 majoris
1593 1303 1896 1365 domestici

362 1390 588 1449 aemulae.
666 1388 850 1448 Oculi
878 1390 1039 1468 parvi
1070 1409 1178 1467 pro
1210 1391 1466 1468 corporis
1494 1390 1730 1447 ratione.
1773 1387 1896 1445 Ro-

360 1471 544 1530 strum
602 1473 814 1530 canino
863 1470 1077 1547 {imile3
1138 1469 1353 1529 Dentes
1418 1471 1591 1529 etiam
1638 1469 1894 1529 Canini:

362 1555 588 1631 Lingua
615 1552 932 1611 mediocris
1015 1552 1205 1612 Crura
1226 1552 1432 1611 brevia.
1517 1548 1696 1610 Pedes
1739 1566 1895 1608 ante„

359 1635 535 1693 riores
601 1634 898 1713 praelongis
951 1633 1234 1712 unguibus
1275 1647 1586 1693 armantur,
1671 1630 1898 1711 Qibus

361 1714 660 1775 cuniculos
695 1716 791 1774 fibi
818 1718 880 1773 in
906 1733 1056 1774 terra
1088 1710 1307 1773 effodit.
1372 1714 1599 1792 Capitis
1621 1711 1797 1791 figura
1821 1712 1896 1771 ad

362 1796 682 1876 Vulpinum
711 1796 950 1867 accedit,
985 1815 1237 1870 namque
1267 1796 1299 1855 a
1357 1796 1546 1855 latiori
1595 1795 1749 1853 velut
1772 1789 1898 1852 base

363 1878 426 1936 in
448 1897 681 1937 acutum
720 1877 964 1936 rostrum
998 1877 1357 1952 terminatur,
1387 1895 1448 1937 ut
1484 1874 1772 1955 triangula
1813 1873 1896 1935 fa—

364 1958 755 2036 ciesvideatur.
842 1958 1092 2018 Maxillae
1132 1955 1222 2016 seu
1253 1977 1412 2037 genae
1465 1956 1696 2016 tumida:
1725 1975 1897 2035 appa-

363 2058 516 2117 rent,
556 2040 632 2099 ob
661 2038 956 2100 cmffitiem
988 2035 1388 2112 musculorum,
1413 2040 1565 2097 unde
1606 2035 1793 2096 morfil
1838 2056 1896 2096 a-

366 2124 618 2182 cerrimo
647 2119 758 2180 effe
779 2121 1129 2200 perhibetur.
1210 2119 1510 2180 Scarabaeis
1536 2115 1763 2196 aliisque
1807 2118 1898 2178 in-

362 2199 518 2271 stetis
550 2221 611 2262 ut
643 2202 956 2281 piurimum
988 2203 1210 2262 vietitat
1239 2223 1257 2278 ς
1301 2202 1577 2279 siquidem
1606 2200 1896 2260 ventricu-

362 2284 487 2344 lum
525 2281 1166 2364 (quiei‘ampliffimus
1225 2282 1362 2358 fuit)
1407 2279 1708 2342 diffestum
1757 2275 1898 2356 ejus-

364 2366 528 2426 modi
560 2366 916 2427 animalculis
944 2363 1215 2426 refertum
1247 2364 1730 2439 inveni,admixtis
1747 2380 1897 2429 non-

364 2449 531 2507 nullis
589 2448 883 2511 Graminis
915 2495 936 2523 ,
1007 2463 1072 2506 ut
1132 2443 1497 2523 conicetabar
1525 2493 1546 2520 ,
1599 2442 1897 2504 radicibus,

366 2527 548 2589 Aiunt
574 2546 770 2590 tamen
791 2547 884 2588 eos
930 2531 991 2588 Sc
1020 2530 1210 2607 pomis
1231 2531 1293 2587 δε
1339 2528 1462 2587 uvis
1500 2521 1667 2599 vesti,
1733 2524 1896 2585 cuni·

365 2611 626 2670 culorum
667 2612 842 2670 etiam
892 2628 1061 2669 carne
1117 2609 1407 2682 delcetari,
1448 2626 1572 2667 tum
1615 2600 1898 2676 anseribus

367 2694 532 2770 pullis
562 2696 623 2751 δε
658 2694 779 2752 aliis
824 2690 1054 2769 avibus;
1103 2689 1182 2750 ast
1207 2689 1372 2751 nobis
1400 2688 1517 2749 hoc
1568 2689 1898 2768 incomper-

366 2790 505 2831 tum.
590 2771 786 2834 Crassa
816 2771 1083 2833 intestina
1107 2791 1230 2832 non
1262 2771 1449 2832 habet.
1534 2768 1615 2830 At
1637 2787 1746 2829 nec
1791 2788 1896 2828 εκ-

368 2874 505 2912 cum
565 2854 761 2929 ullum,
803 2854 968 2915 nobis
1001 2849 1196 2913 saltem
1224 2851 1460 2912 visibile.
1538 2851 1728 2910 Renes
1769 2845 1895 2908 satis

366 2934 568 3013 ampli,
609 2937 886 3015 glandulae
936 2934 1148 2994 ren-ales
1196 2953 1393 3014 parvae.
1486 2931 1715 3009 Corpus
1772 2944 1908 2988 ute-·

365 3019 414 3075 ri
443 3017 680 3093 nullum,
706 3038 845 3088 nam
876 3035 1095 3078 cornua
1124 3016 1195 3075 ad
1243 3010 1427 3094 ipfiim
1453 3010 1717 3091 proxime
1747 3009 1896 3070 uteri

366 3099 652 3158 orificium
722 3100 954 3173 interius
987 3096 1473 3168 extendebantur:
1533 3111 1655 3172 quae
1696 3106 1895 3183 taxnen

1716 3189 1894 3232 unico
