1968 3428
103 41 418 152 Synopfis
458 38 883 121 Animalium-
909 41 1472 150 Qadrupednm.

130 176 221 236 Ex
247 173 372 234 feris
399 170 582 233 nostri
603 172 757 233 orbis
807 174 906 233 vix
935 172 1112 233 ullam
1156 177 1399 253 reperias
1435 196 1558 254 quae

49 254 197 316 adeo
223 251 515 316 mansueta
563 257 626 314 &
665 253 958 314 familiaris
1007 254 1235 318 homini
1264 255 1564 317 reddatur:

50 340 126 398 fic
171 338 454 397 cicuratus
501 354 673 399 canes
715 335 862 410 odit,
916 332 1120 414 eosque
1145 338 1392 416 graviter
1432 334 1574 418 saepe

49 418 291 479 mordet.

130 500 204 559 In
234 497 474 580 planitie
510 515 638 564 non
667 494 981 557 admodum
1004 496 1171 557 velox
1192 496 1359 573 est,ut
1391 499 1575 559 homo

51 600 189 644 eum
212 579 496 641 currendo
520 574 730 655 affequi
741 576 926 656 poffit.

131 660 409 722 Cruribus
436 663 498 718 &
524 658 715 738 digitis
736 657 817 718 est
839 656 1257 735 robustiffimiS,
1289 661 1352 717 Sc
1386 658 1575 718 celeri·

51 757 139 803 ter
165 743 331 816 fodit,
361 739 442 800 ita
463 754 526 798 ut
552 739 910 799 existimetur
936 737 1218 800 fodiendo
1254 741 1426 799 etiam
1450 735 1588 799 sub-

53 821 330 902 terfugere
362 820 666 881 hominem
725 818 844 895 ejus
893 821 1159 902 capiendi
1201 819 1386 901 gratia
1425 819 1575 879 fodi-

51 921 262 964 entem.
344 903 402 964 Si
445 901 607 962 domi
648 901 889 976 alantur,
934 902 1185 962 multum
1212 900 1351 982 saepe
1375 901 1576 963 damni

49 984 318 1059 inferunt,
346 984 551 1063 pannis
583 980 807 1060 aliisque
838 984 1002 1043 rebus
1022 986 1230 1043 assolis,
1308 1052 1311 1053 ⁷

132 1068 303 1126 Plura
334 1067 406 1124 de
428 1062 542 1141 ejus
565 1065 818 1125 moribus
847 1067 911 1124 δι
938 1065 1208 1145 capiendi
1231 1062 1415 1124 modo
1444 1063 1576 1123 vide

54 1148 206 1230 apud
229 1147 515 1224 Gefherum.

133 1230 394 1290 Hildanus
447 1225 811 1306 pinguedinis
862 1226 1092 1306 copiam
1123 1223 1418 1288 observatu
1444 1226 1571 1303 dig-

51 1329 187 1371 nam
221 1309 437 1389 putavit
469 1334 484 1366 :
526 1310 676 1367 inter
697 1308 905 1387 pellem
931 1313 992 1367 δε
1020 1307 1308 1369 musculos
1339 1306 1479 1385 lbzſs.
1510 1309 1574 1365 in

52 1388 176 1470 ipso
204 1389 340 1449 vero
370 1388 680 1449 abdomine
709 1389 780 1448 ad
828 1393 926 1470 Μ’.
974 1389 1206 1470 collegit
1236 1412 1255 1468 3
1308 1386 1464 1465 cujus
1513 1407 1578 1447 u-

52 1471 174 1532 sum
195 1470 309 1531 effe.
330 1471 402 1530 ad
427 1470 640 1530 animal
658 1469 800 1529 dum
821 1468 1035 1550 hyeme
1080 1473 1145 1534 in
1167 1472 1419 1530 cavernis
1445 1490 1579 1549 pro-

56 1550 388 1613 fundiffimis
431 1552 720 1611 montium
746 1550 963 1609 dormit
993 1552 1364 1612 nutriendum
1393 1549 1581 1611 existi-

61 1651 216 1712 mat3
262 1634 362 1710 qui
394 1635 550 1692 enim
578 1651 756 1692 verno
784 1649 1045 1711 tempore
1069 1635 1373 1713 capiuntur
1403 1633 1581 1692 maci-

58 1715 242 1775 lentos
271 1713 381 1774 esse
405 1730 698 1775 venatores
728 1713 993 1774 referunt.

134 1795 289 1871 Qae
315 1795 386 1855 de
413 1796 527 1854 hoc
549 1795 804 1854 Animali
831 1794 1000 1854 habet
1027 1792 1271 1868 Jacobus
1291 1792 1582 1854 Harderus

8 1880 10 1882 ’
58 1875 190 1936 vide
217 1877 476 1958 Ephemer.
497 1882 735 1936 German.
769 1876 927 1936 Ann.
950 1899 1038 1955 14.
1081 1873 1321 1936 Obstrv.
1346 1897 1414 1934 12
1430 1896 1478 1934 Ι.

141 2044 267 2096 Mus
312 2032 403 2094 seu
449 2037 725 2097 Cuniculus
783 2041 1119 2098 Americanus
1169 2034 1240 2100 &⁴
1277 2041 1583 2115 Guineenfis,

64 2119 271 2177 Porcellz·
304 2118 423 2199 pilis
472 2113 545 2180 ὠ
594 2141 740 2190 voce,
783 2124 828 2176 C
851 2124 905 2180 A
928 2123 1104 2179 VIA
1160 2126 1204 2178 C
1227 2125 1275 2176 O
1302 2128 1350 2178 B
1381 2126 1436 2179 A
1469 2123 1580 2180 YA

62 2197 471 2257 Brafilienfibus
519 2197 704 2256 dictus
749 2205 987 2280 Marcgr.
1098 2200 1418 2260 Cuniculus
1474 2201 1584 2257 sive

62 2278 349 2338 Porcellus
371 2279 600 2338 Indicus
613 2276 753 2357 Gesta.
799 2281 904 2340 The
928 2287 1096 2360 Guiny
1123 2287 1240 2362 Pig.
1325 2281 1584 2340 Cunicua

67 2358 127 2416 lo
150 2361 342 2418 minor
367 2359 466 2433 est,
507 2361 570 2418 &
603 2379 848 2439 corpore
896 2360 1155 2420 breviore
1200 2361 1582 2439 plenioreque.

68 2437 351 2498 Auriculae
394 2440 650 2513 humileS,
715 2456 931 2514 tenues„
993 2441 1309 2520 pellucidae,
1357 2445 1581 2522 patulae,

65 2515 440 2595 lubrotundae,
483 2522 690 2601 glabra:
732 2520 867 2596 fere,
913 2521 1163 2582 Glirium
1197 2522 1420 2583 auribus
1457 2544 1583 2584 non

66 2597 374 2675 diffimileS,
397 2621 583 2678 eaeque
611 2622 809 2663 recens
828 2605 981 2674 ¹natis
1007 2605 1160 2664 haud
1182 2605 1365 2664 multo
1394 2607 1583 2665 mino-

68 2698 152 2737 res
205 2679 376 2757 quam
430 2684 642 2742 adultis.
726 2685 1000 2744 Rostrum
1039 2683 1385 2764 leporinum,
1430 2705 1493 2745 ut
1521 2690 1586 2745 Sc

67 2759 275 2822 barba:
320 2762 563 2836 Labium
594 2762 847 2843 superius
871 2767 1127 2825 cuniculi
1176 2765 1372 2841 instar,
1402 2765 1588 2827 versus

69 2859 231 2901 nares
258 2844 514 2902 hiulcum
539 2849 808 2904 cernitur.
867 2846 1094 2905 'Cauda
1123 2848 1290 2907 nulla.
1375 2848 1589 2908 Dentes

70 2938 132 2986 ut
180 2924 243 2982 in
282 2924 546 2983 muribus.
632 2926 765 2984 Pilis
804 2927 1126 3005 por-cellum
1182 2926 1367 2987 refert.
1451 2930 1587 2991 Vox

66 3004 239 3062 etiam
297 3005 674 3082 porcellorum
710 3011 1045 3086 grunnitum
1079 3010 1352 3083 imitatur,
1437 3011 1589 3069 unde

75 3082 413 3163 nostratibus
441 3093 603 3169 Guirgy
625 3093 743 3171 Pz'g,
774 3090 807 3151 i.
827 3109 872 3151 e.
931 3091 1211 3154 Porcellus
1257 3090 1591 3151 Guineenfis

1365 3171 1588 3231 dicitur,

1634 79 1793 171 223
